%YAML 1.1
%TAG !u! tag:unity3d.com,2011:
--- !u!29 &1
OcclusionCullingSettings:
  m_ObjectHideFlags: 0
  serializedVersion: 2
  m_OcclusionBakeSettings:
    smallestOccluder: 5
    smallestHole: 0.25
    backfaceThreshold: 100
  m_SceneGUID: 00000000000000000000000000000000
  m_OcclusionCullingData: {fileID: 0}
--- !u!104 &2
RenderSettings:
  m_ObjectHideFlags: 0
  serializedVersion: 9
  m_Fog: 0
  m_FogColor: {r: 0.5, g: 0.5, b: 0.5, a: 1}
  m_FogMode: 3
  m_FogDensity: 0.01
  m_LinearFogStart: 0
  m_LinearFogEnd: 300
  m_AmbientSkyColor: {r: 0.212, g: 0.227, b: 0.259, a: 1}
  m_AmbientEquatorColor: {r: 0.114, g: 0.125, b: 0.133, a: 1}
  m_AmbientGroundColor: {r: 0.047, g: 0.043, b: 0.035, a: 1}
  m_AmbientIntensity: 1
  m_AmbientMode: 0
  m_SubtractiveShadowColor: {r: 0.42, g: 0.478, b: 0.627, a: 1}
  m_SkyboxMaterial: {fileID: 10304, guid: 0000000000000000f000000000000000, type: 0}
  m_HaloStrength: 0.5
  m_FlareStrength: 1
  m_FlareFadeSpeed: 3
  m_HaloTexture: {fileID: 0}
  m_SpotCookie: {fileID: 10001, guid: 0000000000000000e000000000000000, type: 0}
  m_DefaultReflectionMode: 0
  m_DefaultReflectionResolution: 128
  m_ReflectionBounces: 1
  m_ReflectionIntensity: 1
  m_CustomReflection: {fileID: 0}
  m_Sun: {fileID: 0}
  m_IndirectSpecularColor: {r: 0, g: 0, b: 0, a: 1}
  m_UseRadianceAmbientProbe: 0
--- !u!157 &3
LightmapSettings:
  m_ObjectHideFlags: 0
  serializedVersion: 11
  m_GIWorkflowMode: 0
  m_GISettings:
    serializedVersion: 2
    m_BounceScale: 1
    m_IndirectOutputScale: 1
    m_AlbedoBoost: 1
    m_TemporalCoherenceThreshold: 1
    m_EnvironmentLightingMode: 0
    m_EnableBakedLightmaps: 1
    m_EnableRealtimeLightmaps: 1
  m_LightmapEditorSettings:
    serializedVersion: 10
    m_Resolution: 2
    m_BakeResolution: 40
    m_AtlasSize: 1024
    m_AO: 1
    m_AOMaxDistance: 1
    m_CompAOExponent: 1
    m_CompAOExponentDirect: 0
    m_Padding: 2
    m_LightmapParameters: {fileID: 0}
    m_LightmapsBakeMode: 1
    m_TextureCompression: 1
    m_FinalGather: 0
    m_FinalGatherFiltering: 1
    m_FinalGatherRayCount: 256
    m_ReflectionCompression: 2
    m_MixedBakeMode: 1
    m_BakeBackend: 0
    m_PVRSampling: 1
    m_PVRDirectSampleCount: 32
    m_PVRSampleCount: 500
    m_PVRBounces: 2
    m_PVRFilterTypeDirect: 0
    m_PVRFilterTypeIndirect: 0
    m_PVRFilterTypeAO: 0
    m_PVRFilteringMode: 0
    m_PVRCulling: 1
    m_PVRFilteringGaussRadiusDirect: 1
    m_PVRFilteringGaussRadiusIndirect: 5
    m_PVRFilteringGaussRadiusAO: 2
    m_PVRFilteringAtrousPositionSigmaDirect: 0.5
    m_PVRFilteringAtrousPositionSigmaIndirect: 2
    m_PVRFilteringAtrousPositionSigmaAO: 1
    m_ShowResolutionOverlay: 1
  m_LightingDataAsset: {fileID: 0}
  m_UseShadowmask: 0
--- !u!196 &4
NavMeshSettings:
  serializedVersion: 2
  m_ObjectHideFlags: 0
  m_BuildSettings:
    serializedVersion: 2
    agentTypeID: 0
    agentRadius: 0.5
    agentHeight: 2
    agentSlope: 45
    agentClimb: 0.4
    ledgeDropHeight: 0
    maxJumpAcrossDistance: 0
    minRegionArea: 2
    manualCellSize: 0
    cellSize: 0.16666667
    manualTileSize: 0
    tileSize: 256
    accuratePlacement: 0
    debug:
      m_Flags: 0
  m_NavMeshData: {fileID: 0}
--- !u!1 &137901389
GameObject:
  m_ObjectHideFlags: 0
  m_CorrespondingSourceObject: {fileID: 171442, guid: 68b44a8c3c17be147aaa1beaf8005d7f,
    type: 2}
  m_PrefabInternal: {fileID: 1743609431}
  serializedVersion: 6
  m_Component:
  - component: {fileID: 137901390}
  - component: {fileID: 137901392}
  - component: {fileID: 137901391}
  m_Layer: 0
  m_Name: Brwon white_BUS_Door D
  m_TagString: Untagged
  m_Icon: {fileID: 0}
  m_NavMeshLayer: 0
  m_StaticEditorFlags: 0
  m_IsActive: 1
--- !u!4 &137901390
Transform:
  m_ObjectHideFlags: 0
  m_CorrespondingSourceObject: {fileID: 472210, guid: 68b44a8c3c17be147aaa1beaf8005d7f,
    type: 2}
  m_PrefabInternal: {fileID: 1743609431}
  m_GameObject: {fileID: 137901389}
  m_LocalRotation: {x: -1.7112914e-15, y: 1, z: -0.000000021855694, w: -0.0000000754979}
  m_LocalPosition: {x: -0.919119, y: 1.4161646, z: 0.6150143}
  m_LocalScale: {x: 1, y: 1, z: 1}
  m_Children: []
  m_Father: {fileID: 1324802830}
  m_RootOrder: 3
  m_LocalEulerAnglesHint: {x: 0, y: 0, z: 0}
--- !u!23 &137901391
MeshRenderer:
  m_ObjectHideFlags: 0
  m_CorrespondingSourceObject: {fileID: 2333018, guid: 68b44a8c3c17be147aaa1beaf8005d7f,
    type: 2}
  m_PrefabInternal: {fileID: 1743609431}
  m_GameObject: {fileID: 137901389}
  m_Enabled: 1
  m_CastShadows: 1
  m_ReceiveShadows: 1
  m_DynamicOccludee: 1
  m_MotionVectors: 1
  m_LightProbeUsage: 1
  m_ReflectionProbeUsage: 1
  m_RenderingLayerMask: 4294967295
  m_Materials:
  - {fileID: 2100000, guid: 36fbe719cd8155742a0f51aa2a4d70df, type: 2}
  - {fileID: 2100000, guid: a5291c81f305fec47bc61743af4d4d74, type: 2}
  - {fileID: 2100000, guid: 5bc5fba36f37c1a4da9c26845d1f3e83, type: 2}
  m_StaticBatchInfo:
    firstSubMesh: 0
    subMeshCount: 0
  m_StaticBatchRoot: {fileID: 0}
  m_ProbeAnchor: {fileID: 0}
  m_LightProbeVolumeOverride: {fileID: 0}
  m_ScaleInLightmap: 1
  m_PreserveUVs: 0
  m_IgnoreNormalsForChartDetection: 0
  m_ImportantGI: 0
  m_StitchLightmapSeams: 0
  m_SelectedEditorRenderState: 3
  m_MinimumChartSize: 4
  m_AutoUVMaxDistance: 0.5
  m_AutoUVMaxAngle: 89
  m_LightmapParameters: {fileID: 0}
  m_SortingLayerID: 0
  m_SortingLayer: 0
  m_SortingOrder: 0
--- !u!33 &137901392
MeshFilter:
  m_ObjectHideFlags: 0
  m_CorrespondingSourceObject: {fileID: 3387608, guid: 68b44a8c3c17be147aaa1beaf8005d7f,
    type: 2}
  m_PrefabInternal: {fileID: 1743609431}
  m_GameObject: {fileID: 137901389}
  m_Mesh: {fileID: 4300028, guid: 934d77ba109bb2643ab1b7990cfd437b, type: 3}
--- !u!1 &175938909
GameObject:
  m_ObjectHideFlags: 0
  m_CorrespondingSourceObject: {fileID: 129438, guid: 8f1ee2f22a1e5f14aa3853a801436d10,
    type: 2}
  m_PrefabInternal: {fileID: 1095145278}
  serializedVersion: 6
  m_Component:
  - component: {fileID: 175938910}
  m_Layer: 0
  m_Name: Particle View 001
  m_TagString: Untagged
  m_Icon: {fileID: 0}
  m_NavMeshLayer: 0
  m_StaticEditorFlags: 0
  m_IsActive: 1
--- !u!4 &175938910
Transform:
  m_ObjectHideFlags: 0
  m_CorrespondingSourceObject: {fileID: 446128, guid: 8f1ee2f22a1e5f14aa3853a801436d10,
    type: 2}
  m_PrefabInternal: {fileID: 1095145278}
  m_GameObject: {fileID: 175938909}
  m_LocalRotation: {x: -1.7112914e-15, y: 1, z: -0.000000021855694, w: -0.0000000754979}
  m_LocalPosition: {x: 0, y: 0, z: 0}
  m_LocalScale: {x: 1, y: 1, z: 1}
  m_Children: []
  m_Father: {fileID: 1030505406}
  m_RootOrder: 1
  m_LocalEulerAnglesHint: {x: 0, y: 0, z: 0}
--- !u!1 &201888564
GameObject:
  m_ObjectHideFlags: 0
  m_CorrespondingSourceObject: {fileID: 100466, guid: 68b44a8c3c17be147aaa1beaf8005d7f,
    type: 2}
  m_PrefabInternal: {fileID: 1743609431}
  serializedVersion: 6
  m_Component:
  - component: {fileID: 201888565}
  - component: {fileID: 201888567}
  - component: {fileID: 201888566}
  m_Layer: 0
  m_Name: Brwon white_BUS_Wheel_BR
  m_TagString: Untagged
  m_Icon: {fileID: 0}
  m_NavMeshLayer: 0
  m_StaticEditorFlags: 0
  m_IsActive: 1
--- !u!4 &201888565
Transform:
  m_ObjectHideFlags: 0
  m_CorrespondingSourceObject: {fileID: 406586, guid: 68b44a8c3c17be147aaa1beaf8005d7f,
    type: 2}
  m_PrefabInternal: {fileID: 1743609431}
  m_GameObject: {fileID: 201888564}
  m_LocalRotation: {x: -1.7112914e-15, y: 1, z: -0.000000021855694, w: -0.0000000754979}
  m_LocalPosition: {x: -0.91592675, y: 0.5108112, z: 2.609422}
  m_LocalScale: {x: 1, y: 1, z: 1}
  m_Children: []
  m_Father: {fileID: 1324802830}
  m_RootOrder: 6
  m_LocalEulerAnglesHint: {x: 0, y: 0, z: 0}
--- !u!23 &201888566
MeshRenderer:
  m_ObjectHideFlags: 0
  m_CorrespondingSourceObject: {fileID: 2354084, guid: 68b44a8c3c17be147aaa1beaf8005d7f,
    type: 2}
  m_PrefabInternal: {fileID: 1743609431}
  m_GameObject: {fileID: 201888564}
  m_Enabled: 1
  m_CastShadows: 1
  m_ReceiveShadows: 1
  m_DynamicOccludee: 1
  m_MotionVectors: 1
  m_LightProbeUsage: 1
  m_ReflectionProbeUsage: 1
  m_RenderingLayerMask: 4294967295
  m_Materials:
  - {fileID: 2100000, guid: 57ed9db4266678f45b6ad40e749c0954, type: 2}
  m_StaticBatchInfo:
    firstSubMesh: 0
    subMeshCount: 0
  m_StaticBatchRoot: {fileID: 0}
  m_ProbeAnchor: {fileID: 0}
  m_LightProbeVolumeOverride: {fileID: 0}
  m_ScaleInLightmap: 1
  m_PreserveUVs: 0
  m_IgnoreNormalsForChartDetection: 0
  m_ImportantGI: 0
  m_StitchLightmapSeams: 0
  m_SelectedEditorRenderState: 3
  m_MinimumChartSize: 4
  m_AutoUVMaxDistance: 0.5
  m_AutoUVMaxAngle: 89
  m_LightmapParameters: {fileID: 0}
  m_SortingLayerID: 0
  m_SortingLayer: 0
  m_SortingOrder: 0
--- !u!33 &201888567
MeshFilter:
  m_ObjectHideFlags: 0
  m_CorrespondingSourceObject: {fileID: 3336648, guid: 68b44a8c3c17be147aaa1beaf8005d7f,
    type: 2}
  m_PrefabInternal: {fileID: 1743609431}
  m_GameObject: {fileID: 201888564}
  m_Mesh: {fileID: 4300016, guid: 934d77ba109bb2643ab1b7990cfd437b, type: 3}
--- !u!1 &283391600
GameObject:
  m_ObjectHideFlags: 0
  m_CorrespondingSourceObject: {fileID: 101918, guid: 68b44a8c3c17be147aaa1beaf8005d7f,
    type: 2}
  m_PrefabInternal: {fileID: 1743609431}
  serializedVersion: 6
  m_Component:
  - component: {fileID: 283391601}
  m_Layer: 0
  m_Name: Particle View 001
  m_TagString: Untagged
  m_Icon: {fileID: 0}
  m_NavMeshLayer: 0
  m_StaticEditorFlags: 0
  m_IsActive: 1
--- !u!4 &283391601
Transform:
  m_ObjectHideFlags: 0
  m_CorrespondingSourceObject: {fileID: 448380, guid: 68b44a8c3c17be147aaa1beaf8005d7f,
    type: 2}
  m_PrefabInternal: {fileID: 1743609431}
  m_GameObject: {fileID: 283391600}
  m_LocalRotation: {x: -1.7112914e-15, y: 1, z: -0.000000021855694, w: -0.0000000754979}
  m_LocalPosition: {x: 0, y: 0, z: 0}
  m_LocalScale: {x: 1, y: 1, z: 1}
  m_Children: []
  m_Father: {fileID: 1324802830}
  m_RootOrder: 10
  m_LocalEulerAnglesHint: {x: 0, y: 0, z: 0}
--- !u!1 &445993270
GameObject:
  m_ObjectHideFlags: 0
  m_CorrespondingSourceObject: {fileID: 100000, guid: d0adb5d42cd504644b1270247d4c5e52,
    type: 3}
  m_PrefabInternal: {fileID: 483961014}
  serializedVersion: 6
  m_Component:
  - component: {fileID: 445993274}
  - component: {fileID: 445993273}
  - component: {fileID: 445993272}
  - component: {fileID: 445993271}
  m_Layer: 0
  m_Name: env
  m_TagString: Untagged
  m_Icon: {fileID: 0}
  m_NavMeshLayer: 0
  m_StaticEditorFlags: 0
  m_IsActive: 1
--- !u!95 &445993271
Animator:
  serializedVersion: 3
  m_ObjectHideFlags: 0
  m_CorrespondingSourceObject: {fileID: 9500000, guid: d0adb5d42cd504644b1270247d4c5e52,
    type: 3}
  m_PrefabInternal: {fileID: 483961014}
  m_GameObject: {fileID: 445993270}
  m_Enabled: 1
  m_Avatar: {fileID: 9000000, guid: d0adb5d42cd504644b1270247d4c5e52, type: 3}
  m_Controller: {fileID: 0}
  m_CullingMode: 0
  m_UpdateMode: 0
  m_ApplyRootMotion: 0
  m_LinearVelocityBlending: 0
  m_WarningMessage: 
  m_HasTransformHierarchy: 1
  m_AllowConstantClipSamplingOptimization: 1
  m_KeepAnimatorControllerStateOnDisable: 0
--- !u!23 &445993272
MeshRenderer:
  m_ObjectHideFlags: 0
  m_CorrespondingSourceObject: {fileID: 2300000, guid: d0adb5d42cd504644b1270247d4c5e52,
    type: 3}
  m_PrefabInternal: {fileID: 483961014}
  m_GameObject: {fileID: 445993270}
  m_Enabled: 1
  m_CastShadows: 1
  m_ReceiveShadows: 1
  m_DynamicOccludee: 1
  m_MotionVectors: 1
  m_LightProbeUsage: 1
  m_ReflectionProbeUsage: 1
  m_RenderingLayerMask: 4294967295
  m_Materials:
  - {fileID: 2100000, guid: b11f530be13c8c1448d7dca461f095c6, type: 2}
  - {fileID: 2100000, guid: afbd44e1964331c48bd0892b43cc9705, type: 2}
  m_StaticBatchInfo:
    firstSubMesh: 0
    subMeshCount: 0
  m_StaticBatchRoot: {fileID: 0}
  m_ProbeAnchor: {fileID: 0}
  m_LightProbeVolumeOverride: {fileID: 0}
  m_ScaleInLightmap: 1
  m_PreserveUVs: 0
  m_IgnoreNormalsForChartDetection: 0
  m_ImportantGI: 0
  m_StitchLightmapSeams: 0
  m_SelectedEditorRenderState: 3
  m_MinimumChartSize: 4
  m_AutoUVMaxDistance: 0.5
  m_AutoUVMaxAngle: 89
  m_LightmapParameters: {fileID: 0}
  m_SortingLayerID: 0
  m_SortingLayer: 0
  m_SortingOrder: 0
--- !u!33 &445993273
MeshFilter:
  m_ObjectHideFlags: 0
  m_CorrespondingSourceObject: {fileID: 3300000, guid: d0adb5d42cd504644b1270247d4c5e52,
    type: 3}
  m_PrefabInternal: {fileID: 483961014}
  m_GameObject: {fileID: 445993270}
  m_Mesh: {fileID: 4300000, guid: d0adb5d42cd504644b1270247d4c5e52, type: 3}
--- !u!4 &445993274
Transform:
  m_ObjectHideFlags: 0
  m_CorrespondingSourceObject: {fileID: 400000, guid: d0adb5d42cd504644b1270247d4c5e52,
    type: 3}
  m_PrefabInternal: {fileID: 483961014}
  m_GameObject: {fileID: 445993270}
  m_LocalRotation: {x: -0.7071068, y: 0, z: -0, w: 0.7071068}
  m_LocalPosition: {x: -0, y: 0.01, z: -4.3125}
  m_LocalScale: {x: 1, y: 1, z: 1}
  m_Children: []
  m_Father: {fileID: 0}
  m_RootOrder: 2
  m_LocalEulerAnglesHint: {x: 0, y: 0, z: 0}
--- !u!1001 &483961014
Prefab:
  m_ObjectHideFlags: 0
  serializedVersion: 2
  m_Modification:
    m_TransformParent: {fileID: 0}
    m_Modifications:
    - target: {fileID: 400000, guid: d0adb5d42cd504644b1270247d4c5e52, type: 3}
      propertyPath: m_LocalPosition.x
      value: -0
      objectReference: {fileID: 0}
    - target: {fileID: 400000, guid: d0adb5d42cd504644b1270247d4c5e52, type: 3}
      propertyPath: m_LocalPosition.y
      value: 0.01
      objectReference: {fileID: 0}
    - target: {fileID: 400000, guid: d0adb5d42cd504644b1270247d4c5e52, type: 3}
      propertyPath: m_LocalPosition.z
      value: -4.3125
      objectReference: {fileID: 0}
    - target: {fileID: 400000, guid: d0adb5d42cd504644b1270247d4c5e52, type: 3}
      propertyPath: m_LocalRotation.x
      value: -0.7071068
      objectReference: {fileID: 0}
    - target: {fileID: 400000, guid: d0adb5d42cd504644b1270247d4c5e52, type: 3}
      propertyPath: m_LocalRotation.y
      value: 0
      objectReference: {fileID: 0}
    - target: {fileID: 400000, guid: d0adb5d42cd504644b1270247d4c5e52, type: 3}
      propertyPath: m_LocalRotation.z
      value: -0
      objectReference: {fileID: 0}
    - target: {fileID: 400000, guid: d0adb5d42cd504644b1270247d4c5e52, type: 3}
      propertyPath: m_LocalRotation.w
      value: 0.7071068
      objectReference: {fileID: 0}
    - target: {fileID: 400000, guid: d0adb5d42cd504644b1270247d4c5e52, type: 3}
      propertyPath: m_RootOrder
      value: 2
      objectReference: {fileID: 0}
    m_RemovedComponents: []
  m_SourcePrefab: {fileID: 100100000, guid: d0adb5d42cd504644b1270247d4c5e52, type: 3}
  m_RootGameObject: {fileID: 445993270}
  m_IsPrefabAsset: 0
--- !u!1 &485926447
GameObject:
  m_ObjectHideFlags: 0
  m_CorrespondingSourceObject: {fileID: 195260, guid: 8f1ee2f22a1e5f14aa3853a801436d10,
    type: 2}
  m_PrefabInternal: {fileID: 1095145278}
  serializedVersion: 6
  m_Component:
  - component: {fileID: 485926448}
  - component: {fileID: 485926450}
  - component: {fileID: 485926449}
  m_Layer: 0
  m_Name: red white_BUS_STreeing
  m_TagString: Untagged
  m_Icon: {fileID: 0}
  m_NavMeshLayer: 0
  m_StaticEditorFlags: 0
  m_IsActive: 1
--- !u!4 &485926448
Transform:
  m_ObjectHideFlags: 0
  m_CorrespondingSourceObject: {fileID: 486014, guid: 8f1ee2f22a1e5f14aa3853a801436d10,
    type: 2}
  m_PrefabInternal: {fileID: 1095145278}
  m_GameObject: {fileID: 485926447}
  m_LocalRotation: {x: 0.000000013110074, y: 0.9848078, z: 0.1736482, w: -0.00000007435093}
  m_LocalPosition: {x: 0.6944472, y: 1.4147296, z: -5.5268426}
  m_LocalScale: {x: 1, y: 0.99999994, z: 1}
  m_Children: []
  m_Father: {fileID: 1030505406}
  m_RootOrder: 6
  m_LocalEulerAnglesHint: {x: 0, y: 0, z: 0}
--- !u!23 &485926449
MeshRenderer:
  m_ObjectHideFlags: 0
  m_CorrespondingSourceObject: {fileID: 2301658, guid: 8f1ee2f22a1e5f14aa3853a801436d10,
    type: 2}
  m_PrefabInternal: {fileID: 1095145278}
  m_GameObject: {fileID: 485926447}
  m_Enabled: 1
  m_CastShadows: 1
  m_ReceiveShadows: 1
  m_DynamicOccludee: 1
  m_MotionVectors: 1
  m_LightProbeUsage: 1
  m_ReflectionProbeUsage: 1
  m_RenderingLayerMask: 4294967295
  m_Materials:
  - {fileID: 2100000, guid: a5291c81f305fec47bc61743af4d4d74, type: 2}
  m_StaticBatchInfo:
    firstSubMesh: 0
    subMeshCount: 0
  m_StaticBatchRoot: {fileID: 0}
  m_ProbeAnchor: {fileID: 0}
  m_LightProbeVolumeOverride: {fileID: 0}
  m_ScaleInLightmap: 1
  m_PreserveUVs: 0
  m_IgnoreNormalsForChartDetection: 0
  m_ImportantGI: 0
  m_StitchLightmapSeams: 0
  m_SelectedEditorRenderState: 3
  m_MinimumChartSize: 4
  m_AutoUVMaxDistance: 0.5
  m_AutoUVMaxAngle: 89
  m_LightmapParameters: {fileID: 0}
  m_SortingLayerID: 0
  m_SortingLayer: 0
  m_SortingOrder: 0
--- !u!33 &485926450
MeshFilter:
  m_ObjectHideFlags: 0
  m_CorrespondingSourceObject: {fileID: 3392372, guid: 8f1ee2f22a1e5f14aa3853a801436d10,
    type: 2}
  m_PrefabInternal: {fileID: 1095145278}
  m_GameObject: {fileID: 485926447}
  m_Mesh: {fileID: 4300024, guid: 81b052d85af89ff4a8de9d882ce06e06, type: 3}
--- !u!1 &561397488
GameObject:
  m_ObjectHideFlags: 0
  m_CorrespondingSourceObject: {fileID: 145850, guid: 68b44a8c3c17be147aaa1beaf8005d7f,
    type: 2}
  m_PrefabInternal: {fileID: 1743609431}
  serializedVersion: 6
  m_Component:
  - component: {fileID: 561397489}
  - component: {fileID: 561397491}
  - component: {fileID: 561397490}
  m_Layer: 0
  m_Name: Brwon white_BUS_Door A
  m_TagString: Untagged
  m_Icon: {fileID: 0}
  m_NavMeshLayer: 0
  m_StaticEditorFlags: 0
  m_IsActive: 1
--- !u!4 &561397489
Transform:
  m_ObjectHideFlags: 0
  m_CorrespondingSourceObject: {fileID: 453548, guid: 68b44a8c3c17be147aaa1beaf8005d7f,
    type: 2}
  m_PrefabInternal: {fileID: 1743609431}
  m_GameObject: {fileID: 561397488}
  m_LocalRotation: {x: -1.7112914e-15, y: 1, z: -0.000000021855694, w: -0.0000000754979}
  m_LocalPosition: {x: -0.92199403, y: 1.4161646, z: -4.564401}
  m_LocalScale: {x: 1, y: 1, z: 1}
  m_Children: []
  m_Father: {fileID: 1324802830}
  m_RootOrder: 1
  m_LocalEulerAnglesHint: {x: 0, y: 0, z: 0}
--- !u!23 &561397490
MeshRenderer:
  m_ObjectHideFlags: 0
  m_CorrespondingSourceObject: {fileID: 2335820, guid: 68b44a8c3c17be147aaa1beaf8005d7f,
    type: 2}
  m_PrefabInternal: {fileID: 1743609431}
  m_GameObject: {fileID: 561397488}
  m_Enabled: 1
  m_CastShadows: 1
  m_ReceiveShadows: 1
  m_DynamicOccludee: 1
  m_MotionVectors: 1
  m_LightProbeUsage: 1
  m_ReflectionProbeUsage: 1
  m_RenderingLayerMask: 4294967295
  m_Materials:
  - {fileID: 2100000, guid: 36fbe719cd8155742a0f51aa2a4d70df, type: 2}
  - {fileID: 2100000, guid: a5291c81f305fec47bc61743af4d4d74, type: 2}
  - {fileID: 2100000, guid: 5bc5fba36f37c1a4da9c26845d1f3e83, type: 2}
  m_StaticBatchInfo:
    firstSubMesh: 0
    subMeshCount: 0
  m_StaticBatchRoot: {fileID: 0}
  m_ProbeAnchor: {fileID: 0}
  m_LightProbeVolumeOverride: {fileID: 0}
  m_ScaleInLightmap: 1
  m_PreserveUVs: 0
  m_IgnoreNormalsForChartDetection: 0
  m_ImportantGI: 0
  m_StitchLightmapSeams: 0
  m_SelectedEditorRenderState: 3
  m_MinimumChartSize: 4
  m_AutoUVMaxDistance: 0.5
  m_AutoUVMaxAngle: 89
  m_LightmapParameters: {fileID: 0}
  m_SortingLayerID: 0
  m_SortingLayer: 0
  m_SortingOrder: 0
--- !u!33 &561397491
MeshFilter:
  m_ObjectHideFlags: 0
  m_CorrespondingSourceObject: {fileID: 3341812, guid: 68b44a8c3c17be147aaa1beaf8005d7f,
    type: 2}
  m_PrefabInternal: {fileID: 1743609431}
  m_GameObject: {fileID: 561397488}
  m_Mesh: {fileID: 4300020, guid: 934d77ba109bb2643ab1b7990cfd437b, type: 3}
--- !u!1 &589387776
GameObject:
  m_ObjectHideFlags: 0
  m_CorrespondingSourceObject: {fileID: 154868, guid: 8f1ee2f22a1e5f14aa3853a801436d10,
    type: 2}
  m_PrefabInternal: {fileID: 1095145278}
  serializedVersion: 6
  m_Component:
  - component: {fileID: 589387777}
  - component: {fileID: 589387779}
  - component: {fileID: 589387778}
  m_Layer: 0
  m_Name: red white_BUS_Door C
  m_TagString: Untagged
  m_Icon: {fileID: 0}
  m_NavMeshLayer: 0
  m_StaticEditorFlags: 0
  m_IsActive: 1
--- !u!4 &589387777
Transform:
  m_ObjectHideFlags: 0
  m_CorrespondingSourceObject: {fileID: 463802, guid: 8f1ee2f22a1e5f14aa3853a801436d10,
    type: 2}
  m_PrefabInternal: {fileID: 1095145278}
  m_GameObject: {fileID: 589387776}
  m_LocalRotation: {x: -1.7112914e-15, y: 1, z: -0.000000021855694, w: -0.0000000754979}
  m_LocalPosition: {x: -0.91930634, y: 1.4161646, z: 1.3052826}
  m_LocalScale: {x: 1, y: 1, z: 1}
  m_Children: []
  m_Father: {fileID: 1030505406}
  m_RootOrder: 4
  m_LocalEulerAnglesHint: {x: 0, y: 0, z: 0}
--- !u!23 &589387778
MeshRenderer:
  m_ObjectHideFlags: 0
  m_CorrespondingSourceObject: {fileID: 2347314, guid: 8f1ee2f22a1e5f14aa3853a801436d10,
    type: 2}
  m_PrefabInternal: {fileID: 1095145278}
  m_GameObject: {fileID: 589387776}
  m_Enabled: 1
  m_CastShadows: 1
  m_ReceiveShadows: 1
  m_DynamicOccludee: 1
  m_MotionVectors: 1
  m_LightProbeUsage: 1
  m_ReflectionProbeUsage: 1
  m_RenderingLayerMask: 4294967295
  m_Materials:
  - {fileID: 2100000, guid: 36fbe719cd8155742a0f51aa2a4d70df, type: 2}
  - {fileID: 2100000, guid: a5291c81f305fec47bc61743af4d4d74, type: 2}
  - {fileID: 2100000, guid: 5bc5fba36f37c1a4da9c26845d1f3e83, type: 2}
  m_StaticBatchInfo:
    firstSubMesh: 0
    subMeshCount: 0
  m_StaticBatchRoot: {fileID: 0}
  m_ProbeAnchor: {fileID: 0}
  m_LightProbeVolumeOverride: {fileID: 0}
  m_ScaleInLightmap: 1
  m_PreserveUVs: 0
  m_IgnoreNormalsForChartDetection: 0
  m_ImportantGI: 0
  m_StitchLightmapSeams: 0
  m_SelectedEditorRenderState: 3
  m_MinimumChartSize: 4
  m_AutoUVMaxDistance: 0.5
  m_AutoUVMaxAngle: 89
  m_LightmapParameters: {fileID: 0}
  m_SortingLayerID: 0
  m_SortingLayer: 0
  m_SortingOrder: 0
--- !u!33 &589387779
MeshFilter:
  m_ObjectHideFlags: 0
  m_CorrespondingSourceObject: {fileID: 3382354, guid: 8f1ee2f22a1e5f14aa3853a801436d10,
    type: 2}
  m_PrefabInternal: {fileID: 1095145278}
  m_GameObject: {fileID: 589387776}
  m_Mesh: {fileID: 4300022, guid: 81b052d85af89ff4a8de9d882ce06e06, type: 3}
--- !u!1 &599012682
GameObject:
  m_ObjectHideFlags: 0
  m_CorrespondingSourceObject: {fileID: 116080, guid: 8f1ee2f22a1e5f14aa3853a801436d10,
    type: 2}
  m_PrefabInternal: {fileID: 1095145278}
  serializedVersion: 6
  m_Component:
  - component: {fileID: 599012683}
  - component: {fileID: 599012685}
  - component: {fileID: 599012684}
  m_Layer: 0
  m_Name: City Bus with Interior 4_red white
  m_TagString: Untagged
  m_Icon: {fileID: 0}
  m_NavMeshLayer: 0
  m_StaticEditorFlags: 0
  m_IsActive: 1
--- !u!4 &599012683
Transform:
  m_ObjectHideFlags: 0
  m_CorrespondingSourceObject: {fileID: 423646, guid: 8f1ee2f22a1e5f14aa3853a801436d10,
    type: 2}
  m_PrefabInternal: {fileID: 1095145278}
  m_GameObject: {fileID: 599012682}
  m_LocalRotation: {x: -1.7112914e-15, y: 1, z: -0.000000021855694, w: -0.0000000754979}
  m_LocalPosition: {x: -0.009970784, y: -0.0039423704, z: -0.13754351}
  m_LocalScale: {x: 1, y: 1, z: 1}
  m_Children: []
  m_Father: {fileID: 1030505406}
  m_RootOrder: 0
  m_LocalEulerAnglesHint: {x: 0, y: 0, z: 0}
--- !u!23 &599012684
MeshRenderer:
  m_ObjectHideFlags: 0
  m_CorrespondingSourceObject: {fileID: 2385376, guid: 8f1ee2f22a1e5f14aa3853a801436d10,
    type: 2}
  m_PrefabInternal: {fileID: 1095145278}
  m_GameObject: {fileID: 599012682}
  m_Enabled: 1
  m_CastShadows: 1
  m_ReceiveShadows: 1
  m_DynamicOccludee: 1
  m_MotionVectors: 1
  m_LightProbeUsage: 1
  m_ReflectionProbeUsage: 1
  m_RenderingLayerMask: 4294967295
  m_Materials:
  - {fileID: 2100000, guid: 36fbe719cd8155742a0f51aa2a4d70df, type: 2}
  - {fileID: 2100000, guid: a5291c81f305fec47bc61743af4d4d74, type: 2}
  - {fileID: 2100000, guid: 5bc5fba36f37c1a4da9c26845d1f3e83, type: 2}
  - {fileID: 2100000, guid: 8ef14b4ab68ba9d43bc5b280e6472958, type: 2}
  - {fileID: 2100000, guid: b72cd227ee311284cb59c5c4a931c9e2, type: 2}
  m_StaticBatchInfo:
    firstSubMesh: 0
    subMeshCount: 0
  m_StaticBatchRoot: {fileID: 0}
  m_ProbeAnchor: {fileID: 0}
  m_LightProbeVolumeOverride: {fileID: 0}
  m_ScaleInLightmap: 1
  m_PreserveUVs: 0
  m_IgnoreNormalsForChartDetection: 0
  m_ImportantGI: 0
  m_StitchLightmapSeams: 0
  m_SelectedEditorRenderState: 3
  m_MinimumChartSize: 4
  m_AutoUVMaxDistance: 0.5
  m_AutoUVMaxAngle: 89
  m_LightmapParameters: {fileID: 0}
  m_SortingLayerID: 0
  m_SortingLayer: 0
  m_SortingOrder: 0
--- !u!33 &599012685
MeshFilter:
  m_ObjectHideFlags: 0
  m_CorrespondingSourceObject: {fileID: 3357306, guid: 8f1ee2f22a1e5f14aa3853a801436d10,
    type: 2}
  m_PrefabInternal: {fileID: 1095145278}
  m_GameObject: {fileID: 599012682}
  m_Mesh: {fileID: 4300010, guid: 81b052d85af89ff4a8de9d882ce06e06, type: 3}
--- !u!1 &688699406
GameObject:
  m_ObjectHideFlags: 0
  m_CorrespondingSourceObject: {fileID: 181170, guid: 8f1ee2f22a1e5f14aa3853a801436d10,
    type: 2}
  m_PrefabInternal: {fileID: 1095145278}
  serializedVersion: 6
  m_Component:
  - component: {fileID: 688699407}
  - component: {fileID: 688699409}
  - component: {fileID: 688699408}
  m_Layer: 0
  m_Name: red white_BUS_Wheel_BR
  m_TagString: Untagged
  m_Icon: {fileID: 0}
  m_NavMeshLayer: 0
  m_StaticEditorFlags: 0
  m_IsActive: 1
--- !u!4 &688699407
Transform:
  m_ObjectHideFlags: 0
  m_CorrespondingSourceObject: {fileID: 462430, guid: 8f1ee2f22a1e5f14aa3853a801436d10,
    type: 2}
  m_PrefabInternal: {fileID: 1095145278}
  m_GameObject: {fileID: 688699406}
  m_LocalRotation: {x: -1.7112914e-15, y: 1, z: -0.000000021855694, w: -0.0000000754979}
  m_LocalPosition: {x: -0.91592675, y: 0.5108112, z: 2.609422}
  m_LocalScale: {x: 1, y: 1, z: 1}
  m_Children: []
  m_Father: {fileID: 1030505406}
  m_RootOrder: 8
  m_LocalEulerAnglesHint: {x: 0, y: 0, z: 0}
--- !u!23 &688699408
MeshRenderer:
  m_ObjectHideFlags: 0
  m_CorrespondingSourceObject: {fileID: 2386960, guid: 8f1ee2f22a1e5f14aa3853a801436d10,
    type: 2}
  m_PrefabInternal: {fileID: 1095145278}
  m_GameObject: {fileID: 688699406}
  m_Enabled: 1
  m_CastShadows: 1
  m_ReceiveShadows: 1
  m_DynamicOccludee: 1
  m_MotionVectors: 1
  m_LightProbeUsage: 1
  m_ReflectionProbeUsage: 1
  m_RenderingLayerMask: 4294967295
  m_Materials:
  - {fileID: 2100000, guid: 57ed9db4266678f45b6ad40e749c0954, type: 2}
  m_StaticBatchInfo:
    firstSubMesh: 0
    subMeshCount: 0
  m_StaticBatchRoot: {fileID: 0}
  m_ProbeAnchor: {fileID: 0}
  m_LightProbeVolumeOverride: {fileID: 0}
  m_ScaleInLightmap: 1
  m_PreserveUVs: 0
  m_IgnoreNormalsForChartDetection: 0
  m_ImportantGI: 0
  m_StitchLightmapSeams: 0
  m_SelectedEditorRenderState: 3
  m_MinimumChartSize: 4
  m_AutoUVMaxDistance: 0.5
  m_AutoUVMaxAngle: 89
  m_LightmapParameters: {fileID: 0}
  m_SortingLayerID: 0
  m_SortingLayer: 0
  m_SortingOrder: 0
--- !u!33 &688699409
MeshFilter:
  m_ObjectHideFlags: 0
  m_CorrespondingSourceObject: {fileID: 3346518, guid: 8f1ee2f22a1e5f14aa3853a801436d10,
    type: 2}
  m_PrefabInternal: {fileID: 1095145278}
  m_GameObject: {fileID: 688699406}
  m_Mesh: {fileID: 4300016, guid: 81b052d85af89ff4a8de9d882ce06e06, type: 3}
--- !u!1 &862343039
GameObject:
  m_ObjectHideFlags: 0
  m_CorrespondingSourceObject: {fileID: 0}
  m_PrefabInternal: {fileID: 0}
  serializedVersion: 6
  m_Component:
  - component: {fileID: 862343044}
  - component: {fileID: 862343043}
  - component: {fileID: 862343042}
  - component: {fileID: 862343041}
  - component: {fileID: 862343040}
  m_Layer: 0
  m_Name: Main Camera
  m_TagString: MainCamera
  m_Icon: {fileID: 0}
  m_NavMeshLayer: 0
  m_StaticEditorFlags: 0
  m_IsActive: 1
--- !u!81 &862343040
AudioListener:
  m_ObjectHideFlags: 0
  m_CorrespondingSourceObject: {fileID: 0}
  m_PrefabInternal: {fileID: 0}
  m_GameObject: {fileID: 862343039}
  m_Enabled: 1
--- !u!124 &862343041
Behaviour:
  m_ObjectHideFlags: 0
  m_CorrespondingSourceObject: {fileID: 0}
  m_PrefabInternal: {fileID: 0}
  m_GameObject: {fileID: 862343039}
  m_Enabled: 1
--- !u!92 &862343042
Behaviour:
  m_ObjectHideFlags: 0
  m_CorrespondingSourceObject: {fileID: 0}
  m_PrefabInternal: {fileID: 0}
  m_GameObject: {fileID: 862343039}
  m_Enabled: 1
--- !u!20 &862343043
Camera:
  m_ObjectHideFlags: 0
  m_CorrespondingSourceObject: {fileID: 0}
  m_PrefabInternal: {fileID: 0}
  m_GameObject: {fileID: 862343039}
  m_Enabled: 1
  serializedVersion: 2
  m_ClearFlags: 1
  m_BackGroundColor: {r: 0.19215687, g: 0.3019608, b: 0.4745098, a: 0}
  m_projectionMatrixMode: 1
  m_SensorSize: {x: 36, y: 24}
  m_LensShift: {x: 0, y: 0}
  m_FocalLength: 50
  m_NormalizedViewPortRect:
    serializedVersion: 2
    x: 0
    y: 0
    width: 1
    height: 1
  near clip plane: 0.3
  far clip plane: 1000
  field of view: 60
  orthographic: 0
  orthographic size: 5
  m_Depth: -1
  m_CullingMask:
    serializedVersion: 2
    m_Bits: 4294967295
  m_RenderingPath: -1
  m_TargetTexture: {fileID: 0}
  m_TargetDisplay: 0
  m_TargetEye: 3
  m_HDR: 0
  m_AllowMSAA: 1
  m_AllowDynamicResolution: 0
  m_ForceIntoRT: 0
  m_OcclusionCulling: 1
  m_StereoConvergence: 10
  m_StereoSeparation: 0.022
--- !u!4 &862343044
Transform:
  m_ObjectHideFlags: 0
  m_CorrespondingSourceObject: {fileID: 0}
  m_PrefabInternal: {fileID: 0}
  m_GameObject: {fileID: 862343039}
  m_LocalRotation: {x: -0.0068023494, y: 0.32343286, z: 0.0023351423, w: 0.94622386}
  m_LocalPosition: {x: -3.6869593, y: 2.0219724, z: -11.812181}
  m_LocalScale: {x: 1, y: 1, z: 1}
  m_Children: []
  m_Father: {fileID: 0}
  m_RootOrder: 0
  m_LocalEulerAnglesHint: {x: 0, y: 0, z: 0}
--- !u!1 &944240165
GameObject:
  m_ObjectHideFlags: 0
  m_CorrespondingSourceObject: {fileID: 0}
  m_PrefabInternal: {fileID: 0}
  serializedVersion: 6
  m_Component:
  - component: {fileID: 944240167}
  - component: {fileID: 944240166}
  m_Layer: 0
  m_Name: Directional Light
  m_TagString: Untagged
  m_Icon: {fileID: 0}
  m_NavMeshLayer: 0
  m_StaticEditorFlags: 0
  m_IsActive: 1
--- !u!108 &944240166
Light:
  m_ObjectHideFlags: 0
  m_CorrespondingSourceObject: {fileID: 0}
  m_PrefabInternal: {fileID: 0}
  m_GameObject: {fileID: 944240165}
  m_Enabled: 1
  serializedVersion: 8
  m_Type: 1
  m_Color: {r: 1, g: 1, b: 1, a: 1}
  m_Intensity: 1
  m_Range: 10
  m_SpotAngle: 30
  m_CookieSize: 10
  m_Shadows:
    m_Type: 2
    m_Resolution: 3
    m_CustomResolution: -1
    m_Strength: 1
    m_Bias: 0.05
    m_NormalBias: 0.4
    m_NearPlane: 0.2
  m_Cookie: {fileID: 0}
  m_DrawHalo: 0
  m_Flare: {fileID: 0}
  m_RenderMode: 0
  m_CullingMask:
    serializedVersion: 2
    m_Bits: 4294967295
  m_Lightmapping: 4
  m_LightShadowCasterMode: 0
  m_AreaSize: {x: 1, y: 1}
  m_BounceIntensity: 1
  m_ColorTemperature: 6570
  m_UseColorTemperature: 0
  m_ShadowRadius: 0
  m_ShadowAngle: 0
--- !u!4 &944240167
Transform:
  m_ObjectHideFlags: 0
  m_CorrespondingSourceObject: {fileID: 0}
  m_PrefabInternal: {fileID: 0}
  m_GameObject: {fileID: 944240165}
  m_LocalRotation: {x: 0.40821788, y: -0.23456968, z: 0.10938163, w: 0.8754261}
  m_LocalPosition: {x: 1.29, y: 6.08, z: -2.24}
  m_LocalScale: {x: 1, y: 1, z: 1}
  m_Children: []
  m_Father: {fileID: 0}
  m_RootOrder: 1
  m_LocalEulerAnglesHint: {x: 0, y: 0, z: 0}
--- !u!1 &1030505405
GameObject:
  m_ObjectHideFlags: 0
  m_CorrespondingSourceObject: {fileID: 162354, guid: 8f1ee2f22a1e5f14aa3853a801436d10,
    type: 2}
  m_PrefabInternal: {fileID: 1095145278}
  serializedVersion: 6
  m_Component:
  - component: {fileID: 1030505406}
  m_Layer: 0
  m_Name: City Bus with Interior 4_Red white
  m_TagString: Untagged
  m_Icon: {fileID: 0}
  m_NavMeshLayer: 0
  m_StaticEditorFlags: 0
  m_IsActive: 1
--- !u!4 &1030505406
Transform:
  m_ObjectHideFlags: 0
  m_CorrespondingSourceObject: {fileID: 484506, guid: 8f1ee2f22a1e5f14aa3853a801436d10,
    type: 2}
  m_PrefabInternal: {fileID: 1095145278}
  m_GameObject: {fileID: 1030505405}
  m_LocalRotation: {x: 0, y: 0, z: 0, w: 1}
  m_LocalPosition: {x: 3.85, y: 0, z: 0}
  m_LocalScale: {x: 1, y: 1, z: 1}
  m_Children:
  - {fileID: 599012683}
  - {fileID: 175938910}
  - {fileID: 1873930713}
  - {fileID: 1180694755}
  - {fileID: 589387777}
  - {fileID: 1864450339}
  - {fileID: 485926448}
  - {fileID: 1990358842}
  - {fileID: 688699407}
  - {fileID: 1642219716}
  - {fileID: 1903393188}
  m_Father: {fileID: 0}
  m_RootOrder: 3
  m_LocalEulerAnglesHint: {x: 0, y: 0, z: 0}
--- !u!1 &1039037775
GameObject:
  m_ObjectHideFlags: 0
  m_CorrespondingSourceObject: {fileID: 134644, guid: 68b44a8c3c17be147aaa1beaf8005d7f,
    type: 2}
  m_PrefabInternal: {fileID: 1743609431}
  serializedVersion: 6
  m_Component:
  - component: {fileID: 1039037776}
  - component: {fileID: 1039037778}
  - component: {fileID: 1039037777}
  m_Layer: 0
  m_Name: Brwon white_BUS_Wheel_FL
  m_TagString: Untagged
  m_Icon: {fileID: 0}
  m_NavMeshLayer: 0
  m_StaticEditorFlags: 0
  m_IsActive: 1
--- !u!4 &1039037776
Transform:
  m_ObjectHideFlags: 0
  m_CorrespondingSourceObject: {fileID: 444126, guid: 68b44a8c3c17be147aaa1beaf8005d7f,
    type: 2}
  m_PrefabInternal: {fileID: 1743609431}
  m_GameObject: {fileID: 1039037775}
  m_LocalRotation: {x: -1.7112914e-15, y: 1, z: -0.000000021855694, w: -0.0000000754979}
  m_LocalPosition: {x: 1.0604141, y: 0.5108112, z: -3.2682495}
  m_LocalScale: {x: 1, y: 1, z: 1}
  m_Children: []
  m_Father: {fileID: 1324802830}
  m_RootOrder: 7
  m_LocalEulerAnglesHint: {x: 0, y: 0, z: 0}
--- !u!23 &1039037777
MeshRenderer:
  m_ObjectHideFlags: 0
  m_CorrespondingSourceObject: {fileID: 2391112, guid: 68b44a8c3c17be147aaa1beaf8005d7f,
    type: 2}
  m_PrefabInternal: {fileID: 1743609431}
  m_GameObject: {fileID: 1039037775}
  m_Enabled: 1
  m_CastShadows: 1
  m_ReceiveShadows: 1
  m_DynamicOccludee: 1
  m_MotionVectors: 1
  m_LightProbeUsage: 1
  m_ReflectionProbeUsage: 1
  m_RenderingLayerMask: 4294967295
  m_Materials:
  - {fileID: 2100000, guid: 57ed9db4266678f45b6ad40e749c0954, type: 2}
  m_StaticBatchInfo:
    firstSubMesh: 0
    subMeshCount: 0
  m_StaticBatchRoot: {fileID: 0}
  m_ProbeAnchor: {fileID: 0}
  m_LightProbeVolumeOverride: {fileID: 0}
  m_ScaleInLightmap: 1
  m_PreserveUVs: 0
  m_IgnoreNormalsForChartDetection: 0
  m_ImportantGI: 0
  m_StitchLightmapSeams: 0
  m_SelectedEditorRenderState: 3
  m_MinimumChartSize: 4
  m_AutoUVMaxDistance: 0.5
  m_AutoUVMaxAngle: 89
  m_LightmapParameters: {fileID: 0}
  m_SortingLayerID: 0
  m_SortingLayer: 0
  m_SortingOrder: 0
--- !u!33 &1039037778
MeshFilter:
  m_ObjectHideFlags: 0
  m_CorrespondingSourceObject: {fileID: 3342758, guid: 68b44a8c3c17be147aaa1beaf8005d7f,
    type: 2}
  m_PrefabInternal: {fileID: 1743609431}
  m_GameObject: {fileID: 1039037775}
  m_Mesh: {fileID: 4300014, guid: 934d77ba109bb2643ab1b7990cfd437b, type: 3}
--- !u!1 &1080137293
GameObject:
  m_ObjectHideFlags: 0
  m_CorrespondingSourceObject: {fileID: 188916, guid: 68b44a8c3c17be147aaa1beaf8005d7f,
    type: 2}
  m_PrefabInternal: {fileID: 1743609431}
  serializedVersion: 6
  m_Component:
  - component: {fileID: 1080137294}
  - component: {fileID: 1080137296}
  - component: {fileID: 1080137295}
  m_Layer: 0
  m_Name: Brwon white_BUS_Door B
  m_TagString: Untagged
  m_Icon: {fileID: 0}
  m_NavMeshLayer: 0
  m_StaticEditorFlags: 0
  m_IsActive: 1
--- !u!4 &1080137294
Transform:
  m_ObjectHideFlags: 0
  m_CorrespondingSourceObject: {fileID: 455684, guid: 68b44a8c3c17be147aaa1beaf8005d7f,
    type: 2}
  m_PrefabInternal: {fileID: 1743609431}
  m_GameObject: {fileID: 1080137293}
  m_LocalRotation: {x: -1.7112914e-15, y: 1, z: -0.000000021855694, w: -0.0000000754979}
  m_LocalPosition: {x: -0.9156248, y: 1.4161646, z: -5.254671}
  m_LocalScale: {x: 1, y: 1, z: 1}
  m_Children: []
  m_Father: {fileID: 1324802830}
  m_RootOrder: 2
  m_LocalEulerAnglesHint: {x: 0, y: 0, z: 0}
--- !u!23 &1080137295
MeshRenderer:
  m_ObjectHideFlags: 0
  m_CorrespondingSourceObject: {fileID: 2371190, guid: 68b44a8c3c17be147aaa1beaf8005d7f,
    type: 2}
  m_PrefabInternal: {fileID: 1743609431}
  m_GameObject: {fileID: 1080137293}
  m_Enabled: 1
  m_CastShadows: 1
  m_ReceiveShadows: 1
  m_DynamicOccludee: 1
  m_MotionVectors: 1
  m_LightProbeUsage: 1
  m_ReflectionProbeUsage: 1
  m_RenderingLayerMask: 4294967295
  m_Materials:
  - {fileID: 2100000, guid: 36fbe719cd8155742a0f51aa2a4d70df, type: 2}
  - {fileID: 2100000, guid: a5291c81f305fec47bc61743af4d4d74, type: 2}
  - {fileID: 2100000, guid: 5bc5fba36f37c1a4da9c26845d1f3e83, type: 2}
  m_StaticBatchInfo:
    firstSubMesh: 0
    subMeshCount: 0
  m_StaticBatchRoot: {fileID: 0}
  m_ProbeAnchor: {fileID: 0}
  m_LightProbeVolumeOverride: {fileID: 0}
  m_ScaleInLightmap: 1
  m_PreserveUVs: 0
  m_IgnoreNormalsForChartDetection: 0
  m_ImportantGI: 0
  m_StitchLightmapSeams: 0
  m_SelectedEditorRenderState: 3
  m_MinimumChartSize: 4
  m_AutoUVMaxDistance: 0.5
  m_AutoUVMaxAngle: 89
  m_LightmapParameters: {fileID: 0}
  m_SortingLayerID: 0
  m_SortingLayer: 0
  m_SortingOrder: 0
--- !u!33 &1080137296
MeshFilter:
  m_ObjectHideFlags: 0
  m_CorrespondingSourceObject: {fileID: 3382692, guid: 68b44a8c3c17be147aaa1beaf8005d7f,
    type: 2}
  m_PrefabInternal: {fileID: 1743609431}
  m_GameObject: {fileID: 1080137293}
  m_Mesh: {fileID: 4300026, guid: 934d77ba109bb2643ab1b7990cfd437b, type: 3}
--- !u!1001 &1095145278
Prefab:
  m_ObjectHideFlags: 0
  serializedVersion: 2
  m_Modification:
    m_TransformParent: {fileID: 0}
    m_Modifications:
    - target: {fileID: 484506, guid: 8f1ee2f22a1e5f14aa3853a801436d10, type: 2}
      propertyPath: m_LocalPosition.x
      value: 3.85
      objectReference: {fileID: 0}
    - target: {fileID: 484506, guid: 8f1ee2f22a1e5f14aa3853a801436d10, type: 2}
      propertyPath: m_LocalPosition.y
      value: 0
      objectReference: {fileID: 0}
    - target: {fileID: 484506, guid: 8f1ee2f22a1e5f14aa3853a801436d10, type: 2}
      propertyPath: m_LocalPosition.z
      value: 0
      objectReference: {fileID: 0}
    - target: {fileID: 484506, guid: 8f1ee2f22a1e5f14aa3853a801436d10, type: 2}
      propertyPath: m_LocalRotation.x
      value: 0
      objectReference: {fileID: 0}
    - target: {fileID: 484506, guid: 8f1ee2f22a1e5f14aa3853a801436d10, type: 2}
      propertyPath: m_LocalRotation.y
      value: 0
      objectReference: {fileID: 0}
    - target: {fileID: 484506, guid: 8f1ee2f22a1e5f14aa3853a801436d10, type: 2}
      propertyPath: m_LocalRotation.z
      value: 0
      objectReference: {fileID: 0}
    - target: {fileID: 484506, guid: 8f1ee2f22a1e5f14aa3853a801436d10, type: 2}
      propertyPath: m_LocalRotation.w
      value: 1
      objectReference: {fileID: 0}
    - target: {fileID: 484506, guid: 8f1ee2f22a1e5f14aa3853a801436d10, type: 2}
      propertyPath: m_RootOrder
      value: 3
      objectReference: {fileID: 0}
    m_RemovedComponents: []
  m_SourcePrefab: {fileID: 100100000, guid: 8f1ee2f22a1e5f14aa3853a801436d10, type: 2}
  m_RootGameObject: {fileID: 1030505405}
  m_IsPrefabAsset: 0
--- !u!1 &1157171286
GameObject:
  m_ObjectHideFlags: 0
  m_CorrespondingSourceObject: {fileID: 153982, guid: 68b44a8c3c17be147aaa1beaf8005d7f,
    type: 2}
  m_PrefabInternal: {fileID: 1743609431}
  serializedVersion: 6
  m_Component:
  - component: {fileID: 1157171287}
  - component: {fileID: 1157171289}
  - component: {fileID: 1157171288}
  m_Layer: 0
  m_Name: Brwon white_BUS_Wheel_FR
  m_TagString: Untagged
  m_Icon: {fileID: 0}
  m_NavMeshLayer: 0
  m_StaticEditorFlags: 0
  m_IsActive: 1
--- !u!4 &1157171287
Transform:
  m_ObjectHideFlags: 0
  m_CorrespondingSourceObject: {fileID: 432364, guid: 68b44a8c3c17be147aaa1beaf8005d7f,
    type: 2}
  m_PrefabInternal: {fileID: 1743609431}
  m_GameObject: {fileID: 1157171286}
  m_LocalRotation: {x: -1.7112914e-15, y: 1, z: -0.000000021855694, w: -0.0000000754979}
  m_LocalPosition: {x: -1.0753647, y: 0.5108112, z: -3.268248}
  m_LocalScale: {x: 1, y: 1, z: 1}
  m_Children: []
  m_Father: {fileID: 1324802830}
  m_RootOrder: 8
  m_LocalEulerAnglesHint: {x: 0, y: 0, z: 0}
--- !u!23 &1157171288
MeshRenderer:
  m_ObjectHideFlags: 0
  m_CorrespondingSourceObject: {fileID: 2362976, guid: 68b44a8c3c17be147aaa1beaf8005d7f,
    type: 2}
  m_PrefabInternal: {fileID: 1743609431}
  m_GameObject: {fileID: 1157171286}
  m_Enabled: 1
  m_CastShadows: 1
  m_ReceiveShadows: 1
  m_DynamicOccludee: 1
  m_MotionVectors: 1
  m_LightProbeUsage: 1
  m_ReflectionProbeUsage: 1
  m_RenderingLayerMask: 4294967295
  m_Materials:
  - {fileID: 2100000, guid: 57ed9db4266678f45b6ad40e749c0954, type: 2}
  m_StaticBatchInfo:
    firstSubMesh: 0
    subMeshCount: 0
  m_StaticBatchRoot: {fileID: 0}
  m_ProbeAnchor: {fileID: 0}
  m_LightProbeVolumeOverride: {fileID: 0}
  m_ScaleInLightmap: 1
  m_PreserveUVs: 0
  m_IgnoreNormalsForChartDetection: 0
  m_ImportantGI: 0
  m_StitchLightmapSeams: 0
  m_SelectedEditorRenderState: 3
  m_MinimumChartSize: 4
  m_AutoUVMaxDistance: 0.5
  m_AutoUVMaxAngle: 89
  m_LightmapParameters: {fileID: 0}
  m_SortingLayerID: 0
  m_SortingLayer: 0
  m_SortingOrder: 0
--- !u!33 &1157171289
MeshFilter:
  m_ObjectHideFlags: 0
  m_CorrespondingSourceObject: {fileID: 3340868, guid: 68b44a8c3c17be147aaa1beaf8005d7f,
    type: 2}
  m_PrefabInternal: {fileID: 1743609431}
  m_GameObject: {fileID: 1157171286}
  m_Mesh: {fileID: 4300012, guid: 934d77ba109bb2643ab1b7990cfd437b, type: 3}
--- !u!1 &1177711817
GameObject:
  m_ObjectHideFlags: 0
  m_CorrespondingSourceObject: {fileID: 151818, guid: 68b44a8c3c17be147aaa1beaf8005d7f,
    type: 2}
  m_PrefabInternal: {fileID: 1743609431}
  serializedVersion: 6
  m_Component:
  - component: {fileID: 1177711818}
  - component: {fileID: 1177711820}
  - component: {fileID: 1177711819}
  m_Layer: 0
  m_Name: Brwon white_BUS_STreeing
  m_TagString: Untagged
  m_Icon: {fileID: 0}
  m_NavMeshLayer: 0
  m_StaticEditorFlags: 0
  m_IsActive: 1
--- !u!4 &1177711818
Transform:
  m_ObjectHideFlags: 0
  m_CorrespondingSourceObject: {fileID: 494222, guid: 68b44a8c3c17be147aaa1beaf8005d7f,
    type: 2}
  m_PrefabInternal: {fileID: 1743609431}
  m_GameObject: {fileID: 1177711817}
  m_LocalRotation: {x: 0.000000013110074, y: 0.9848078, z: 0.1736482, w: -0.00000007435093}
  m_LocalPosition: {x: 0.6944472, y: 1.4147296, z: -5.5268426}
  m_LocalScale: {x: 1, y: 0.99999994, z: 1}
  m_Children: []
  m_Father: {fileID: 1324802830}
  m_RootOrder: 4
  m_LocalEulerAnglesHint: {x: 0, y: 0, z: 0}
--- !u!23 &1177711819
MeshRenderer:
  m_ObjectHideFlags: 0
  m_CorrespondingSourceObject: {fileID: 2300640, guid: 68b44a8c3c17be147aaa1beaf8005d7f,
    type: 2}
  m_PrefabInternal: {fileID: 1743609431}
  m_GameObject: {fileID: 1177711817}
  m_Enabled: 1
  m_CastShadows: 1
  m_ReceiveShadows: 1
  m_DynamicOccludee: 1
  m_MotionVectors: 1
  m_LightProbeUsage: 1
  m_ReflectionProbeUsage: 1
  m_RenderingLayerMask: 4294967295
  m_Materials:
  - {fileID: 2100000, guid: a5291c81f305fec47bc61743af4d4d74, type: 2}
  m_StaticBatchInfo:
    firstSubMesh: 0
    subMeshCount: 0
  m_StaticBatchRoot: {fileID: 0}
  m_ProbeAnchor: {fileID: 0}
  m_LightProbeVolumeOverride: {fileID: 0}
  m_ScaleInLightmap: 1
  m_PreserveUVs: 0
  m_IgnoreNormalsForChartDetection: 0
  m_ImportantGI: 0
  m_StitchLightmapSeams: 0
  m_SelectedEditorRenderState: 3
  m_MinimumChartSize: 4
  m_AutoUVMaxDistance: 0.5
  m_AutoUVMaxAngle: 89
  m_LightmapParameters: {fileID: 0}
  m_SortingLayerID: 0
  m_SortingLayer: 0
  m_SortingOrder: 0
--- !u!33 &1177711820
MeshFilter:
  m_ObjectHideFlags: 0
  m_CorrespondingSourceObject: {fileID: 3338274, guid: 68b44a8c3c17be147aaa1beaf8005d7f,
    type: 2}
  m_PrefabInternal: {fileID: 1743609431}
  m_GameObject: {fileID: 1177711817}
  m_Mesh: {fileID: 4300024, guid: 934d77ba109bb2643ab1b7990cfd437b, type: 3}
--- !u!1 &1180694754
GameObject:
  m_ObjectHideFlags: 0
  m_CorrespondingSourceObject: {fileID: 100638, guid: 8f1ee2f22a1e5f14aa3853a801436d10,
    type: 2}
  m_PrefabInternal: {fileID: 1095145278}
  serializedVersion: 6
  m_Component:
  - component: {fileID: 1180694755}
  - component: {fileID: 1180694757}
  - component: {fileID: 1180694756}
  m_Layer: 0
  m_Name: red white_BUS_Door B
  m_TagString: Untagged
  m_Icon: {fileID: 0}
  m_NavMeshLayer: 0
  m_StaticEditorFlags: 0
  m_IsActive: 1
--- !u!4 &1180694755
Transform:
  m_ObjectHideFlags: 0
  m_CorrespondingSourceObject: {fileID: 407734, guid: 8f1ee2f22a1e5f14aa3853a801436d10,
    type: 2}
  m_PrefabInternal: {fileID: 1095145278}
  m_GameObject: {fileID: 1180694754}
  m_LocalRotation: {x: -1.7112914e-15, y: 1, z: -0.000000021855694, w: -0.0000000754979}
  m_LocalPosition: {x: -0.9156248, y: 1.4161646, z: -5.254671}
  m_LocalScale: {x: 1, y: 1, z: 1}
  m_Children: []
  m_Father: {fileID: 1030505406}
  m_RootOrder: 3
  m_LocalEulerAnglesHint: {x: 0, y: 0, z: 0}
--- !u!23 &1180694756
MeshRenderer:
  m_ObjectHideFlags: 0
  m_CorrespondingSourceObject: {fileID: 2336998, guid: 8f1ee2f22a1e5f14aa3853a801436d10,
    type: 2}
  m_PrefabInternal: {fileID: 1095145278}
  m_GameObject: {fileID: 1180694754}
  m_Enabled: 1
  m_CastShadows: 1
  m_ReceiveShadows: 1
  m_DynamicOccludee: 1
  m_MotionVectors: 1
  m_LightProbeUsage: 1
  m_ReflectionProbeUsage: 1
  m_RenderingLayerMask: 4294967295
  m_Materials:
  - {fileID: 2100000, guid: 36fbe719cd8155742a0f51aa2a4d70df, type: 2}
  - {fileID: 2100000, guid: a5291c81f305fec47bc61743af4d4d74, type: 2}
  - {fileID: 2100000, guid: 5bc5fba36f37c1a4da9c26845d1f3e83, type: 2}
  m_StaticBatchInfo:
    firstSubMesh: 0
    subMeshCount: 0
  m_StaticBatchRoot: {fileID: 0}
  m_ProbeAnchor: {fileID: 0}
  m_LightProbeVolumeOverride: {fileID: 0}
  m_ScaleInLightmap: 1
  m_PreserveUVs: 0
  m_IgnoreNormalsForChartDetection: 0
  m_ImportantGI: 0
  m_StitchLightmapSeams: 0
  m_SelectedEditorRenderState: 3
  m_MinimumChartSize: 4
  m_AutoUVMaxDistance: 0.5
  m_AutoUVMaxAngle: 89
  m_LightmapParameters: {fileID: 0}
  m_SortingLayerID: 0
  m_SortingLayer: 0
  m_SortingOrder: 0
--- !u!33 &1180694757
MeshFilter:
  m_ObjectHideFlags: 0
  m_CorrespondingSourceObject: {fileID: 3311932, guid: 8f1ee2f22a1e5f14aa3853a801436d10,
    type: 2}
  m_PrefabInternal: {fileID: 1095145278}
  m_GameObject: {fileID: 1180694754}
  m_Mesh: {fileID: 4300026, guid: 81b052d85af89ff4a8de9d882ce06e06, type: 3}
--- !u!1 &1185947509
GameObject:
  m_ObjectHideFlags: 0
  m_CorrespondingSourceObject: {fileID: 195138, guid: 68b44a8c3c17be147aaa1beaf8005d7f,
    type: 2}
  m_PrefabInternal: {fileID: 1743609431}
  serializedVersion: 6
  m_Component:
  - component: {fileID: 1185947510}
  - component: {fileID: 1185947512}
  - component: {fileID: 1185947511}
  m_Layer: 0
  m_Name: City Bus with Interior 4__Brwon  white
  m_TagString: Untagged
  m_Icon: {fileID: 0}
  m_NavMeshLayer: 0
  m_StaticEditorFlags: 0
  m_IsActive: 1
--- !u!4 &1185947510
Transform:
  m_ObjectHideFlags: 0
  m_CorrespondingSourceObject: {fileID: 487674, guid: 68b44a8c3c17be147aaa1beaf8005d7f,
    type: 2}
  m_PrefabInternal: {fileID: 1743609431}
  m_GameObject: {fileID: 1185947509}
  m_LocalRotation: {x: -1.7112914e-15, y: 1, z: -0.000000021855694, w: -0.0000000754979}
  m_LocalPosition: {x: -0.009970784, y: -0.0039423704, z: -0.13754351}
  m_LocalScale: {x: 1, y: 1, z: 1}
  m_Children: []
  m_Father: {fileID: 1324802830}
  m_RootOrder: 9
  m_LocalEulerAnglesHint: {x: 0, y: 0, z: 0}
--- !u!23 &1185947511
MeshRenderer:
  m_ObjectHideFlags: 0
  m_CorrespondingSourceObject: {fileID: 2323450, guid: 68b44a8c3c17be147aaa1beaf8005d7f,
    type: 2}
  m_PrefabInternal: {fileID: 1743609431}
  m_GameObject: {fileID: 1185947509}
  m_Enabled: 1
  m_CastShadows: 1
  m_ReceiveShadows: 1
  m_DynamicOccludee: 1
  m_MotionVectors: 1
  m_LightProbeUsage: 1
  m_ReflectionProbeUsage: 1
  m_RenderingLayerMask: 4294967295
  m_Materials:
  - {fileID: 2100000, guid: b5e94f71c59145e42bff2c34ff17becd, type: 2}
  - {fileID: 2100000, guid: a5291c81f305fec47bc61743af4d4d74, type: 2}
  - {fileID: 2100000, guid: 5bc5fba36f37c1a4da9c26845d1f3e83, type: 2}
  - {fileID: 2100000, guid: 8ef14b4ab68ba9d43bc5b280e6472958, type: 2}
  - {fileID: 2100000, guid: b72cd227ee311284cb59c5c4a931c9e2, type: 2}
  m_StaticBatchInfo:
    firstSubMesh: 0
    subMeshCount: 0
  m_StaticBatchRoot: {fileID: 0}
  m_ProbeAnchor: {fileID: 0}
  m_LightProbeVolumeOverride: {fileID: 0}
  m_ScaleInLightmap: 1
  m_PreserveUVs: 0
  m_IgnoreNormalsForChartDetection: 0
  m_ImportantGI: 0
  m_StitchLightmapSeams: 0
  m_SelectedEditorRenderState: 3
  m_MinimumChartSize: 4
  m_AutoUVMaxDistance: 0.5
  m_AutoUVMaxAngle: 89
  m_LightmapParameters: {fileID: 0}
  m_SortingLayerID: 0
  m_SortingLayer: 0
  m_SortingOrder: 0
--- !u!33 &1185947512
MeshFilter:
  m_ObjectHideFlags: 0
  m_CorrespondingSourceObject: {fileID: 3321830, guid: 68b44a8c3c17be147aaa1beaf8005d7f,
    type: 2}
  m_PrefabInternal: {fileID: 1743609431}
  m_GameObject: {fileID: 1185947509}
  m_Mesh: {fileID: 4300030, guid: 934d77ba109bb2643ab1b7990cfd437b, type: 3}
--- !u!1 &1250262647
GameObject:
  m_ObjectHideFlags: 0
  m_CorrespondingSourceObject: {fileID: 144634, guid: 68b44a8c3c17be147aaa1beaf8005d7f,
    type: 2}
  m_PrefabInternal: {fileID: 1743609431}
  serializedVersion: 6
  m_Component:
  - component: {fileID: 1250262648}
  - component: {fileID: 1250262650}
  - component: {fileID: 1250262649}
  m_Layer: 0
  m_Name: Brwon white_BUS_Wheel_BL
  m_TagString: Untagged
  m_Icon: {fileID: 0}
  m_NavMeshLayer: 0
  m_StaticEditorFlags: 0
  m_IsActive: 1
--- !u!4 &1250262648
Transform:
  m_ObjectHideFlags: 0
  m_CorrespondingSourceObject: {fileID: 421480, guid: 68b44a8c3c17be147aaa1beaf8005d7f,
    type: 2}
  m_PrefabInternal: {fileID: 1743609431}
  m_GameObject: {fileID: 1250262647}
  m_LocalRotation: {x: -1.7112914e-15, y: 1, z: -0.000000021855694, w: -0.0000000754979}
  m_LocalPosition: {x: 0.9040523, y: 0.5108112, z: 2.6094208}
  m_LocalScale: {x: 1, y: 1, z: 1}
  m_Children: []
  m_Father: {fileID: 1324802830}
  m_RootOrder: 5
  m_LocalEulerAnglesHint: {x: 0, y: 0, z: 0}
--- !u!23 &1250262649
MeshRenderer:
  m_ObjectHideFlags: 0
  m_CorrespondingSourceObject: {fileID: 2307108, guid: 68b44a8c3c17be147aaa1beaf8005d7f,
    type: 2}
  m_PrefabInternal: {fileID: 1743609431}
  m_GameObject: {fileID: 1250262647}
  m_Enabled: 1
  m_CastShadows: 1
  m_ReceiveShadows: 1
  m_DynamicOccludee: 1
  m_MotionVectors: 1
  m_LightProbeUsage: 1
  m_ReflectionProbeUsage: 1
  m_RenderingLayerMask: 4294967295
  m_Materials:
  - {fileID: 2100000, guid: 57ed9db4266678f45b6ad40e749c0954, type: 2}
  m_StaticBatchInfo:
    firstSubMesh: 0
    subMeshCount: 0
  m_StaticBatchRoot: {fileID: 0}
  m_ProbeAnchor: {fileID: 0}
  m_LightProbeVolumeOverride: {fileID: 0}
  m_ScaleInLightmap: 1
  m_PreserveUVs: 0
  m_IgnoreNormalsForChartDetection: 0
  m_ImportantGI: 0
  m_StitchLightmapSeams: 0
  m_SelectedEditorRenderState: 3
  m_MinimumChartSize: 4
  m_AutoUVMaxDistance: 0.5
  m_AutoUVMaxAngle: 89
  m_LightmapParameters: {fileID: 0}
  m_SortingLayerID: 0
  m_SortingLayer: 0
  m_SortingOrder: 0
--- !u!33 &1250262650
MeshFilter:
  m_ObjectHideFlags: 0
  m_CorrespondingSourceObject: {fileID: 3383978, guid: 68b44a8c3c17be147aaa1beaf8005d7f,
    type: 2}
  m_PrefabInternal: {fileID: 1743609431}
  m_GameObject: {fileID: 1250262647}
  m_Mesh: {fileID: 4300018, guid: 934d77ba109bb2643ab1b7990cfd437b, type: 3}
--- !u!1 &1324802829
GameObject:
  m_ObjectHideFlags: 0
  m_CorrespondingSourceObject: {fileID: 156118, guid: 68b44a8c3c17be147aaa1beaf8005d7f,
    type: 2}
  m_PrefabInternal: {fileID: 1743609431}
  serializedVersion: 6
  m_Component:
  - component: {fileID: 1324802830}
  m_Layer: 0
  m_Name: City Bus with Interior 4_Brwon white
  m_TagString: Untagged
  m_Icon: {fileID: 0}
  m_NavMeshLayer: 0
  m_StaticEditorFlags: 0
  m_IsActive: 1
--- !u!4 &1324802830
Transform:
  m_ObjectHideFlags: 0
  m_CorrespondingSourceObject: {fileID: 467450, guid: 68b44a8c3c17be147aaa1beaf8005d7f,
    type: 2}
  m_PrefabInternal: {fileID: 1743609431}
  m_GameObject: {fileID: 1324802829}
  m_LocalRotation: {x: 0, y: 0, z: 0, w: 1}
  m_LocalPosition: {x: 0, y: 0, z: 0}
  m_LocalScale: {x: 1, y: 1, z: 1}
  m_Children:
  - {fileID: 1949794860}
  - {fileID: 561397489}
  - {fileID: 1080137294}
  - {fileID: 137901390}
  - {fileID: 1177711818}
  - {fileID: 1250262648}
  - {fileID: 201888565}
  - {fileID: 1039037776}
  - {fileID: 1157171287}
  - {fileID: 1185947510}
  - {fileID: 283391601}
  m_Father: {fileID: 0}
  m_RootOrder: 4
  m_LocalEulerAnglesHint: {x: 0, y: 0, z: 0}
--- !u!1 &1642219715
GameObject:
  m_ObjectHideFlags: 0
  m_CorrespondingSourceObject: {fileID: 115302, guid: 8f1ee2f22a1e5f14aa3853a801436d10,
    type: 2}
  m_PrefabInternal: {fileID: 1095145278}
  serializedVersion: 6
  m_Component:
  - component: {fileID: 1642219716}
  - component: {fileID: 1642219718}
  - component: {fileID: 1642219717}
  m_Layer: 0
  m_Name: red white_BUS_Wheel_FL
  m_TagString: Untagged
  m_Icon: {fileID: 0}
  m_NavMeshLayer: 0
  m_StaticEditorFlags: 0
  m_IsActive: 1
--- !u!4 &1642219716
Transform:
  m_ObjectHideFlags: 0
  m_CorrespondingSourceObject: {fileID: 463430, guid: 8f1ee2f22a1e5f14aa3853a801436d10,
    type: 2}
  m_PrefabInternal: {fileID: 1095145278}
  m_GameObject: {fileID: 1642219715}
  m_LocalRotation: {x: -1.7112914e-15, y: 1, z: -0.000000021855694, w: -0.0000000754979}
  m_LocalPosition: {x: 1.0604141, y: 0.5108112, z: -3.2682495}
  m_LocalScale: {x: 1, y: 1, z: 1}
  m_Children: []
  m_Father: {fileID: 1030505406}
  m_RootOrder: 9
  m_LocalEulerAnglesHint: {x: 0, y: 0, z: 0}
--- !u!23 &1642219717
MeshRenderer:
  m_ObjectHideFlags: 0
  m_CorrespondingSourceObject: {fileID: 2300144, guid: 8f1ee2f22a1e5f14aa3853a801436d10,
    type: 2}
  m_PrefabInternal: {fileID: 1095145278}
  m_GameObject: {fileID: 1642219715}
  m_Enabled: 1
  m_CastShadows: 1
  m_ReceiveShadows: 1
  m_DynamicOccludee: 1
  m_MotionVectors: 1
  m_LightProbeUsage: 1
  m_ReflectionProbeUsage: 1
  m_RenderingLayerMask: 4294967295
  m_Materials:
  - {fileID: 2100000, guid: 57ed9db4266678f45b6ad40e749c0954, type: 2}
  m_StaticBatchInfo:
    firstSubMesh: 0
    subMeshCount: 0
  m_StaticBatchRoot: {fileID: 0}
  m_ProbeAnchor: {fileID: 0}
  m_LightProbeVolumeOverride: {fileID: 0}
  m_ScaleInLightmap: 1
  m_PreserveUVs: 0
  m_IgnoreNormalsForChartDetection: 0
  m_ImportantGI: 0
  m_StitchLightmapSeams: 0
  m_SelectedEditorRenderState: 3
  m_MinimumChartSize: 4
  m_AutoUVMaxDistance: 0.5
  m_AutoUVMaxAngle: 89
  m_LightmapParameters: {fileID: 0}
  m_SortingLayerID: 0
  m_SortingLayer: 0
  m_SortingOrder: 0
--- !u!33 &1642219718
MeshFilter:
  m_ObjectHideFlags: 0
  m_CorrespondingSourceObject: {fileID: 3314766, guid: 8f1ee2f22a1e5f14aa3853a801436d10,
    type: 2}
  m_PrefabInternal: {fileID: 1095145278}
  m_GameObject: {fileID: 1642219715}
  m_Mesh: {fileID: 4300014, guid: 81b052d85af89ff4a8de9d882ce06e06, type: 3}
--- !u!1001 &1743609431
Prefab:
  m_ObjectHideFlags: 0
  serializedVersion: 2
  m_Modification:
    m_TransformParent: {fileID: 0}
    m_Modifications:
    - target: {fileID: 467450, guid: 68b44a8c3c17be147aaa1beaf8005d7f, type: 2}
      propertyPath: m_LocalPosition.x
      value: 0
      objectReference: {fileID: 0}
    - target: {fileID: 467450, guid: 68b44a8c3c17be147aaa1beaf8005d7f, type: 2}
      propertyPath: m_LocalPosition.y
      value: 0
      objectReference: {fileID: 0}
    - target: {fileID: 467450, guid: 68b44a8c3c17be147aaa1beaf8005d7f, type: 2}
      propertyPath: m_LocalPosition.z
      value: 0
      objectReference: {fileID: 0}
    - target: {fileID: 467450, guid: 68b44a8c3c17be147aaa1beaf8005d7f, type: 2}
      propertyPath: m_LocalRotation.x
      value: 0
      objectReference: {fileID: 0}
    - target: {fileID: 467450, guid: 68b44a8c3c17be147aaa1beaf8005d7f, type: 2}
      propertyPath: m_LocalRotation.y
      value: 0
      objectReference: {fileID: 0}
    - target: {fileID: 467450, guid: 68b44a8c3c17be147aaa1beaf8005d7f, type: 2}
      propertyPath: m_LocalRotation.z
      value: 0
      objectReference: {fileID: 0}
    - target: {fileID: 467450, guid: 68b44a8c3c17be147aaa1beaf8005d7f, type: 2}
      propertyPath: m_LocalRotation.w
      value: 1
      objectReference: {fileID: 0}
    - target: {fileID: 467450, guid: 68b44a8c3c17be147aaa1beaf8005d7f, type: 2}
      propertyPath: m_RootOrder
      value: 4
      objectReference: {fileID: 0}
    m_RemovedComponents: []
  m_SourcePrefab: {fileID: 100100000, guid: 68b44a8c3c17be147aaa1beaf8005d7f, type: 2}
  m_RootGameObject: {fileID: 1324802829}
  m_IsPrefabAsset: 0
--- !u!1 &1864450338
GameObject:
  m_ObjectHideFlags: 0
  m_CorrespondingSourceObject: {fileID: 185716, guid: 8f1ee2f22a1e5f14aa3853a801436d10,
    type: 2}
  m_PrefabInternal: {fileID: 1095145278}
  serializedVersion: 6
  m_Component:
  - component: {fileID: 1864450339}
  - component: {fileID: 1864450341}
  - component: {fileID: 1864450340}
  m_Layer: 0
  m_Name: red white_BUS_Door D
  m_TagString: Untagged
  m_Icon: {fileID: 0}
  m_NavMeshLayer: 0
  m_StaticEditorFlags: 0
  m_IsActive: 1
--- !u!4 &1864450339
Transform:
  m_ObjectHideFlags: 0
  m_CorrespondingSourceObject: {fileID: 445394, guid: 8f1ee2f22a1e5f14aa3853a801436d10,
    type: 2}
  m_PrefabInternal: {fileID: 1095145278}
  m_GameObject: {fileID: 1864450338}
  m_LocalRotation: {x: -1.7112914e-15, y: 1, z: -0.000000021855694, w: -0.0000000754979}
  m_LocalPosition: {x: -0.919119, y: 1.4161646, z: 0.6150143}
  m_LocalScale: {x: 1, y: 1, z: 1}
  m_Children: []
  m_Father: {fileID: 1030505406}
  m_RootOrder: 5
  m_LocalEulerAnglesHint: {x: 0, y: 0, z: 0}
--- !u!23 &1864450340
MeshRenderer:
  m_ObjectHideFlags: 0
  m_CorrespondingSourceObject: {fileID: 2378614, guid: 8f1ee2f22a1e5f14aa3853a801436d10,
    type: 2}
  m_PrefabInternal: {fileID: 1095145278}
  m_GameObject: {fileID: 1864450338}
  m_Enabled: 1
  m_CastShadows: 1
  m_ReceiveShadows: 1
  m_DynamicOccludee: 1
  m_MotionVectors: 1
  m_LightProbeUsage: 1
  m_ReflectionProbeUsage: 1
  m_RenderingLayerMask: 4294967295
  m_Materials:
  - {fileID: 2100000, guid: 36fbe719cd8155742a0f51aa2a4d70df, type: 2}
  - {fileID: 2100000, guid: a5291c81f305fec47bc61743af4d4d74, type: 2}
  - {fileID: 2100000, guid: 5bc5fba36f37c1a4da9c26845d1f3e83, type: 2}
  m_StaticBatchInfo:
    firstSubMesh: 0
    subMeshCount: 0
  m_StaticBatchRoot: {fileID: 0}
  m_ProbeAnchor: {fileID: 0}
  m_LightProbeVolumeOverride: {fileID: 0}
  m_ScaleInLightmap: 1
  m_PreserveUVs: 0
  m_IgnoreNormalsForChartDetection: 0
  m_ImportantGI: 0
  m_StitchLightmapSeams: 0
  m_SelectedEditorRenderState: 3
  m_MinimumChartSize: 4
  m_AutoUVMaxDistance: 0.5
  m_AutoUVMaxAngle: 89
  m_LightmapParameters: {fileID: 0}
  m_SortingLayerID: 0
  m_SortingLayer: 0
  m_SortingOrder: 0
--- !u!33 &1864450341
MeshFilter:
  m_ObjectHideFlags: 0
  m_CorrespondingSourceObject: {fileID: 3317478, guid: 8f1ee2f22a1e5f14aa3853a801436d10,
    type: 2}
  m_PrefabInternal: {fileID: 1095145278}
  m_GameObject: {fileID: 1864450338}
  m_Mesh: {fileID: 4300028, guid: 81b052d85af89ff4a8de9d882ce06e06, type: 3}
--- !u!1 &1873930712
GameObject:
  m_ObjectHideFlags: 0
  m_CorrespondingSourceObject: {fileID: 162448, guid: 8f1ee2f22a1e5f14aa3853a801436d10,
    type: 2}
  m_PrefabInternal: {fileID: 1095145278}
  serializedVersion: 6
  m_Component:
  - component: {fileID: 1873930713}
  - component: {fileID: 1873930715}
  - component: {fileID: 1873930714}
  m_Layer: 0
  m_Name: red white_BUS_Door A
  m_TagString: Untagged
  m_Icon: {fileID: 0}
  m_NavMeshLayer: 0
  m_StaticEditorFlags: 0
  m_IsActive: 1
--- !u!4 &1873930713
Transform:
  m_ObjectHideFlags: 0
  m_CorrespondingSourceObject: {fileID: 413802, guid: 8f1ee2f22a1e5f14aa3853a801436d10,
    type: 2}
  m_PrefabInternal: {fileID: 1095145278}
  m_GameObject: {fileID: 1873930712}
  m_LocalRotation: {x: -1.7112914e-15, y: 1, z: -0.000000021855694, w: -0.0000000754979}
  m_LocalPosition: {x: -0.92199403, y: 1.4161646, z: -4.564401}
  m_LocalScale: {x: 1, y: 1, z: 1}
  m_Children: []
  m_Father: {fileID: 1030505406}
  m_RootOrder: 2
  m_LocalEulerAnglesHint: {x: 0, y: 0, z: 0}
--- !u!23 &1873930714
MeshRenderer:
  m_ObjectHideFlags: 0
  m_CorrespondingSourceObject: {fileID: 2305894, guid: 8f1ee2f22a1e5f14aa3853a801436d10,
    type: 2}
  m_PrefabInternal: {fileID: 1095145278}
  m_GameObject: {fileID: 1873930712}
  m_Enabled: 1
  m_CastShadows: 1
  m_ReceiveShadows: 1
  m_DynamicOccludee: 1
  m_MotionVectors: 1
  m_LightProbeUsage: 1
  m_ReflectionProbeUsage: 1
  m_RenderingLayerMask: 4294967295
  m_Materials:
  - {fileID: 2100000, guid: 36fbe719cd8155742a0f51aa2a4d70df, type: 2}
  - {fileID: 2100000, guid: a5291c81f305fec47bc61743af4d4d74, type: 2}
  - {fileID: 2100000, guid: 5bc5fba36f37c1a4da9c26845d1f3e83, type: 2}
  m_StaticBatchInfo:
    firstSubMesh: 0
    subMeshCount: 0
  m_StaticBatchRoot: {fileID: 0}
  m_ProbeAnchor: {fileID: 0}
  m_LightProbeVolumeOverride: {fileID: 0}
  m_ScaleInLightmap: 1
  m_PreserveUVs: 0
  m_IgnoreNormalsForChartDetection: 0
  m_ImportantGI: 0
  m_StitchLightmapSeams: 0
  m_SelectedEditorRenderState: 3
  m_MinimumChartSize: 4
  m_AutoUVMaxDistance: 0.5
  m_AutoUVMaxAngle: 89
  m_LightmapParameters: {fileID: 0}
  m_SortingLayerID: 0
  m_SortingLayer: 0
  m_SortingOrder: 0
--- !u!33 &1873930715
MeshFilter:
  m_ObjectHideFlags: 0
  m_CorrespondingSourceObject: {fileID: 3377494, guid: 8f1ee2f22a1e5f14aa3853a801436d10,
    type: 2}
  m_PrefabInternal: {fileID: 1095145278}
  m_GameObject: {fileID: 1873930712}
  m_Mesh: {fileID: 4300020, guid: 81b052d85af89ff4a8de9d882ce06e06, type: 3}
--- !u!1 &1903393187
GameObject:
  m_ObjectHideFlags: 0
  m_CorrespondingSourceObject: {fileID: 179062, guid: 8f1ee2f22a1e5f14aa3853a801436d10,
    type: 2}
  m_PrefabInternal: {fileID: 1095145278}
  serializedVersion: 6
  m_Component:
  - component: {fileID: 1903393188}
  - component: {fileID: 1903393190}
  - component: {fileID: 1903393189}
  m_Layer: 0
  m_Name: red white_BUS_Wheel_FR
  m_TagString: Untagged
  m_Icon: {fileID: 0}
  m_NavMeshLayer: 0
  m_StaticEditorFlags: 0
  m_IsActive: 1
--- !u!4 &1903393188
Transform:
  m_ObjectHideFlags: 0
  m_CorrespondingSourceObject: {fileID: 430386, guid: 8f1ee2f22a1e5f14aa3853a801436d10,
    type: 2}
  m_PrefabInternal: {fileID: 1095145278}
  m_GameObject: {fileID: 1903393187}
  m_LocalRotation: {x: -1.7112914e-15, y: 1, z: -0.000000021855694, w: -0.0000000754979}
  m_LocalPosition: {x: -1.0753647, y: 0.5108112, z: -3.268248}
  m_LocalScale: {x: 1, y: 1, z: 1}
  m_Children: []
  m_Father: {fileID: 1030505406}
  m_RootOrder: 10
  m_LocalEulerAnglesHint: {x: 0, y: 0, z: 0}
--- !u!23 &1903393189
MeshRenderer:
  m_ObjectHideFlags: 0
  m_CorrespondingSourceObject: {fileID: 2385732, guid: 8f1ee2f22a1e5f14aa3853a801436d10,
    type: 2}
  m_PrefabInternal: {fileID: 1095145278}
  m_GameObject: {fileID: 1903393187}
  m_Enabled: 1
  m_CastShadows: 1
  m_ReceiveShadows: 1
  m_DynamicOccludee: 1
  m_MotionVectors: 1
  m_LightProbeUsage: 1
  m_ReflectionProbeUsage: 1
  m_RenderingLayerMask: 4294967295
  m_Materials:
  - {fileID: 2100000, guid: 57ed9db4266678f45b6ad40e749c0954, type: 2}
  m_StaticBatchInfo:
    firstSubMesh: 0
    subMeshCount: 0
  m_StaticBatchRoot: {fileID: 0}
  m_ProbeAnchor: {fileID: 0}
  m_LightProbeVolumeOverride: {fileID: 0}
  m_ScaleInLightmap: 1
  m_PreserveUVs: 0
  m_IgnoreNormalsForChartDetection: 0
  m_ImportantGI: 0
  m_StitchLightmapSeams: 0
  m_SelectedEditorRenderState: 3
  m_MinimumChartSize: 4
  m_AutoUVMaxDistance: 0.5
  m_AutoUVMaxAngle: 89
  m_LightmapParameters: {fileID: 0}
  m_SortingLayerID: 0
  m_SortingLayer: 0
  m_SortingOrder: 0
--- !u!33 &1903393190
MeshFilter:
  m_ObjectHideFlags: 0
  m_CorrespondingSourceObject: {fileID: 3391622, guid: 8f1ee2f22a1e5f14aa3853a801436d10,
    type: 2}
  m_PrefabInternal: {fileID: 1095145278}
  m_GameObject: {fileID: 1903393187}
  m_Mesh: {fileID: 4300012, guid: 81b052d85af89ff4a8de9d882ce06e06, type: 3}
--- !u!1 &1949794859
GameObject:
  m_ObjectHideFlags: 0
  m_CorrespondingSourceObject: {fileID: 167104, guid: 68b44a8c3c17be147aaa1beaf8005d7f,
    type: 2}
  m_PrefabInternal: {fileID: 1743609431}
  serializedVersion: 6
  m_Component:
  - component: {fileID: 1949794860}
  - component: {fileID: 1949794862}
  - component: {fileID: 1949794861}
  m_Layer: 0
  m_Name: Brwon  white_BUS_Door C
  m_TagString: Untagged
  m_Icon: {fileID: 0}
  m_NavMeshLayer: 0
  m_StaticEditorFlags: 0
  m_IsActive: 1
--- !u!4 &1949794860
Transform:
  m_ObjectHideFlags: 0
  m_CorrespondingSourceObject: {fileID: 477098, guid: 68b44a8c3c17be147aaa1beaf8005d7f,
    type: 2}
  m_PrefabInternal: {fileID: 1743609431}
  m_GameObject: {fileID: 1949794859}
  m_LocalRotation: {x: -1.7112914e-15, y: 1, z: -0.000000021855694, w: -0.0000000754979}
  m_LocalPosition: {x: -0.91930634, y: 1.4161646, z: 1.3052826}
  m_LocalScale: {x: 1, y: 1, z: 1}
  m_Children: []
  m_Father: {fileID: 1324802830}
  m_RootOrder: 0
  m_LocalEulerAnglesHint: {x: 0, y: 0, z: 0}
--- !u!23 &1949794861
MeshRenderer:
  m_ObjectHideFlags: 0
  m_CorrespondingSourceObject: {fileID: 2335388, guid: 68b44a8c3c17be147aaa1beaf8005d7f,
    type: 2}
  m_PrefabInternal: {fileID: 1743609431}
  m_GameObject: {fileID: 1949794859}
  m_Enabled: 1
  m_CastShadows: 1
  m_ReceiveShadows: 1
  m_DynamicOccludee: 1
  m_MotionVectors: 1
  m_LightProbeUsage: 1
  m_ReflectionProbeUsage: 1
  m_RenderingLayerMask: 4294967295
  m_Materials:
  - {fileID: 2100000, guid: 36fbe719cd8155742a0f51aa2a4d70df, type: 2}
  - {fileID: 2100000, guid: a5291c81f305fec47bc61743af4d4d74, type: 2}
  - {fileID: 2100000, guid: 5bc5fba36f37c1a4da9c26845d1f3e83, type: 2}
  m_StaticBatchInfo:
    firstSubMesh: 0
    subMeshCount: 0
  m_StaticBatchRoot: {fileID: 0}
  m_ProbeAnchor: {fileID: 0}
  m_LightProbeVolumeOverride: {fileID: 0}
  m_ScaleInLightmap: 1
  m_PreserveUVs: 0
  m_IgnoreNormalsForChartDetection: 0
  m_ImportantGI: 0
  m_StitchLightmapSeams: 0
  m_SelectedEditorRenderState: 3
  m_MinimumChartSize: 4
  m_AutoUVMaxDistance: 0.5
  m_AutoUVMaxAngle: 89
  m_LightmapParameters: {fileID: 0}
  m_SortingLayerID: 0
  m_SortingLayer: 0
  m_SortingOrder: 0
--- !u!33 &1949794862
MeshFilter:
  m_ObjectHideFlags: 0
  m_CorrespondingSourceObject: {fileID: 3330574, guid: 68b44a8c3c17be147aaa1beaf8005d7f,
    type: 2}
  m_PrefabInternal: {fileID: 1743609431}
  m_GameObject: {fileID: 1949794859}
  m_Mesh: {fileID: 4300032, guid: 934d77ba109bb2643ab1b7990cfd437b, type: 3}
--- !u!1 &1990358841
GameObject:
  m_ObjectHideFlags: 0
  m_CorrespondingSourceObject: {fileID: 170658, guid: 8f1ee2f22a1e5f14aa3853a801436d10,
    type: 2}
  m_PrefabInternal: {fileID: 1095145278}
  serializedVersion: 6
  m_Component:
  - component: {fileID: 1990358842}
  - component: {fileID: 1990358844}
  - component: {fileID: 1990358843}
  m_Layer: 0
  m_Name: red white_BUS_Wheel_BL
  m_TagString: Untagged
  m_Icon: {fileID: 0}
  m_NavMeshLayer: 0
  m_StaticEditorFlags: 0
  m_IsActive: 1
--- !u!4 &1990358842
Transform:
  m_ObjectHideFlags: 0
  m_CorrespondingSourceObject: {fileID: 484240, guid: 8f1ee2f22a1e5f14aa3853a801436d10,
    type: 2}
  m_PrefabInternal: {fileID: 1095145278}
  m_GameObject: {fileID: 1990358841}
  m_LocalRotation: {x: -1.7112914e-15, y: 1, z: -0.000000021855694, w: -0.0000000754979}
  m_LocalPosition: {x: 0.9040523, y: 0.5108112, z: 2.6094208}
  m_LocalScale: {x: 1, y: 1, z: 1}
  m_Children: []
  m_Father: {fileID: 1030505406}
  m_RootOrder: 7
  m_LocalEulerAnglesHint: {x: 0, y: 0, z: 0}
--- !u!23 &1990358843
MeshRenderer:
  m_ObjectHideFlags: 0
  m_CorrespondingSourceObject: {fileID: 2308962, guid: 8f1ee2f22a1e5f14aa3853a801436d10,
    type: 2}
  m_PrefabInternal: {fileID: 1095145278}
  m_GameObject: {fileID: 1990358841}
  m_Enabled: 1
  m_CastShadows: 1
  m_ReceiveShadows: 1
  m_DynamicOccludee: 1
  m_MotionVectors: 1
  m_LightProbeUsage: 1
  m_ReflectionProbeUsage: 1
  m_RenderingLayerMask: 4294967295
  m_Materials:
  - {fileID: 2100000, guid: 57ed9db4266678f45b6ad40e749c0954, type: 2}
  m_StaticBatchInfo:
    firstSubMesh: 0
    subMeshCount: 0
  m_StaticBatchRoot: {fileID: 0}
  m_ProbeAnchor: {fileID: 0}
  m_LightProbeVolumeOverride: {fileID: 0}
  m_ScaleInLightmap: 1
  m_PreserveUVs: 0
  m_IgnoreNormalsForChartDetection: 0
  m_ImportantGI: 0
  m_StitchLightmapSeams: 0
  m_SelectedEditorRenderState: 3
  m_MinimumChartSize: 4
  m_AutoUVMaxDistance: 0.5
  m_AutoUVMaxAngle: 89
  m_LightmapParameters: {fileID: 0}
  m_SortingLayerID: 0
  m_SortingLayer: 0
  m_SortingOrder: 0
--- !u!33 &1990358844
MeshFilter:
  m_ObjectHideFlags: 0
  m_CorrespondingSourceObject: {fileID: 3385946, guid: 8f1ee2f22a1e5f14aa3853a801436d10,
    type: 2}
  m_PrefabInternal: {fileID: 1095145278}
  m_GameObject: {fileID: 1990358841}
  m_Mesh: {fileID: 4300018, guid: 81b052d85af89ff4a8de9d882ce06e06, type: 3}
