%YAML 1.1
%TAG !u! tag:unity3d.com,2011:
--- !u!1 &101930
GameObject:
  m_ObjectHideFlags: 1
  m_PrefabParentObject: {fileID: 0}
  m_PrefabInternal: {fileID: 100100000}
  serializedVersion: 5
  m_Component:
  - component: {fileID: 418148}
  m_Layer: 0
  m_Name: MHuman_R_Ankle
  m_TagString: Untagged
  m_Icon: {fileID: 0}
  m_NavMeshLayer: 0
  m_StaticEditorFlags: 0
  m_IsActive: 1
--- !u!1 &102772
GameObject:
  m_ObjectHideFlags: 1
  m_PrefabParentObject: {fileID: 0}
  m_PrefabInternal: {fileID: 100100000}
  serializedVersion: 5
  m_Component:
  - component: {fileID: 474506}
  m_Layer: 0
  m_Name: MHuman_L_Thumb4
  m_TagString: Untagged
  m_Icon: {fileID: 0}
  m_NavMeshLayer: 0
  m_StaticEditorFlags: 0
  m_IsActive: 1
--- !u!1 &105958
GameObject:
  m_ObjectHideFlags: 1
  m_PrefabParentObject: {fileID: 0}
  m_PrefabInternal: {fileID: 100100000}
  serializedVersion: 5
  m_Component:
  - component: {fileID: 414440}
  m_Layer: 0
  m_Name: MHuman_R_Index2
  m_TagString: Untagged
  m_Icon: {fileID: 0}
  m_NavMeshLayer: 0
  m_StaticEditorFlags: 0
  m_IsActive: 1
--- !u!1 &106646
GameObject:
  m_ObjectHideFlags: 1
  m_PrefabParentObject: {fileID: 0}
  m_PrefabInternal: {fileID: 100100000}
  serializedVersion: 5
  m_Component:
  - component: {fileID: 412334}
  m_Layer: 0
  m_Name: MHuman_Spine3
  m_TagString: Untagged
  m_Icon: {fileID: 0}
  m_NavMeshLayer: 0
  m_StaticEditorFlags: 0
  m_IsActive: 1
--- !u!1 &109924
GameObject:
  m_ObjectHideFlags: 0
  m_PrefabParentObject: {fileID: 0}
  m_PrefabInternal: {fileID: 100100000}
  serializedVersion: 5
  m_Component:
  - component: {fileID: 472252}
  - component: {fileID: 9594056}
  m_Layer: 0
  m_Name: morro_man_crouch_prone
  m_TagString: Untagged
  m_Icon: {fileID: 0}
  m_NavMeshLayer: 0
  m_StaticEditorFlags: 0
  m_IsActive: 1
--- !u!1 &110388
GameObject:
  m_ObjectHideFlags: 1
  m_PrefabParentObject: {fileID: 0}
  m_PrefabInternal: {fileID: 100100000}
  serializedVersion: 5
  m_Component:
  - component: {fileID: 411064}
  m_Layer: 0
  m_Name: MHuman_R_Ring1
  m_TagString: Untagged
  m_Icon: {fileID: 0}
  m_NavMeshLayer: 0
  m_StaticEditorFlags: 0
  m_IsActive: 1
--- !u!1 &111238
GameObject:
  m_ObjectHideFlags: 1
  m_PrefabParentObject: {fileID: 0}
  m_PrefabInternal: {fileID: 100100000}
  serializedVersion: 5
  m_Component:
  - component: {fileID: 426576}
  m_Layer: 0
  m_Name: MHuman_L_Index4
  m_TagString: Untagged
  m_Icon: {fileID: 0}
  m_NavMeshLayer: 0
  m_StaticEditorFlags: 0
  m_IsActive: 1
--- !u!1 &118468
GameObject:
  m_ObjectHideFlags: 1
  m_PrefabParentObject: {fileID: 0}
  m_PrefabInternal: {fileID: 100100000}
  serializedVersion: 5
  m_Component:
  - component: {fileID: 438454}
  m_Layer: 0
  m_Name: MHuman_R_Clav
  m_TagString: Untagged
  m_Icon: {fileID: 0}
  m_NavMeshLayer: 0
  m_StaticEditorFlags: 0
  m_IsActive: 1
--- !u!1 &119980
GameObject:
  m_ObjectHideFlags: 1
  m_PrefabParentObject: {fileID: 0}
  m_PrefabInternal: {fileID: 100100000}
  serializedVersion: 5
  m_Component:
  - component: {fileID: 479072}
  m_Layer: 0
  m_Name: MHuman_L_Thumb1
  m_TagString: Untagged
  m_Icon: {fileID: 0}
  m_NavMeshLayer: 0
  m_StaticEditorFlags: 0
  m_IsActive: 1
--- !u!1 &122088
GameObject:
  m_ObjectHideFlags: 1
  m_PrefabParentObject: {fileID: 0}
  m_PrefabInternal: {fileID: 100100000}
  serializedVersion: 5
  m_Component:
  - component: {fileID: 467216}
  m_Layer: 0
  m_Name: MHuman_R_FootVis2
  m_TagString: Untagged
  m_Icon: {fileID: 0}
  m_NavMeshLayer: 0
  m_StaticEditorFlags: 0
  m_IsActive: 1
--- !u!1 &122814
GameObject:
  m_ObjectHideFlags: 1
  m_PrefabParentObject: {fileID: 0}
  m_PrefabInternal: {fileID: 100100000}
  serializedVersion: 5
  m_Component:
  - component: {fileID: 484084}
  m_Layer: 0
  m_Name: MHuman_L_Ring1
  m_TagString: Untagged
  m_Icon: {fileID: 0}
  m_NavMeshLayer: 0
  m_StaticEditorFlags: 0
  m_IsActive: 1
--- !u!1 &123260
GameObject:
  m_ObjectHideFlags: 1
  m_PrefabParentObject: {fileID: 0}
  m_PrefabInternal: {fileID: 100100000}
  serializedVersion: 5
  m_Component:
  - component: {fileID: 403986}
  m_Layer: 0
  m_Name: MHuman_L_Middle2
  m_TagString: Untagged
  m_Icon: {fileID: 0}
  m_NavMeshLayer: 0
  m_StaticEditorFlags: 0
  m_IsActive: 1
--- !u!1 &124910
GameObject:
  m_ObjectHideFlags: 1
  m_PrefabParentObject: {fileID: 0}
  m_PrefabInternal: {fileID: 100100000}
  serializedVersion: 5
  m_Component:
  - component: {fileID: 400056}
  m_Layer: 0
  m_Name: MHuman_L_Shoulder
  m_TagString: Untagged
  m_Icon: {fileID: 0}
  m_NavMeshLayer: 0
  m_StaticEditorFlags: 0
  m_IsActive: 1
--- !u!1 &125622
GameObject:
  m_ObjectHideFlags: 1
  m_PrefabParentObject: {fileID: 0}
  m_PrefabInternal: {fileID: 100100000}
  serializedVersion: 5
  m_Component:
  - component: {fileID: 464822}
  m_Layer: 0
  m_Name: MHuman_L_Toe
  m_TagString: Untagged
  m_Icon: {fileID: 0}
  m_NavMeshLayer: 0
  m_StaticEditorFlags: 0
  m_IsActive: 1
--- !u!1 &126090
GameObject:
  m_ObjectHideFlags: 1
  m_PrefabParentObject: {fileID: 0}
  m_PrefabInternal: {fileID: 100100000}
  serializedVersion: 5
  m_Component:
  - component: {fileID: 442088}
  m_Layer: 0
  m_Name: MHuman_L_Ankle
  m_TagString: Untagged
  m_Icon: {fileID: 0}
  m_NavMeshLayer: 0
  m_StaticEditorFlags: 0
  m_IsActive: 1
--- !u!1 &126954
GameObject:
  m_ObjectHideFlags: 1
  m_PrefabParentObject: {fileID: 0}
  m_PrefabInternal: {fileID: 100100000}
  serializedVersion: 5
  m_Component:
  - component: {fileID: 413390}
  m_Layer: 0
  m_Name: MHuman_R_Middle3
  m_TagString: Untagged
  m_Icon: {fileID: 0}
  m_NavMeshLayer: 0
  m_StaticEditorFlags: 0
  m_IsActive: 1
--- !u!1 &127886
GameObject:
  m_ObjectHideFlags: 1
  m_PrefabParentObject: {fileID: 0}
  m_PrefabInternal: {fileID: 100100000}
  serializedVersion: 5
  m_Component:
  - component: {fileID: 434504}
  m_Layer: 0
  m_Name: MHuman_R_Shoulder
  m_TagString: Untagged
  m_Icon: {fileID: 0}
  m_NavMeshLayer: 0
  m_StaticEditorFlags: 0
  m_IsActive: 1
--- !u!1 &129080
GameObject:
  m_ObjectHideFlags: 1
  m_PrefabParentObject: {fileID: 0}
  m_PrefabInternal: {fileID: 100100000}
  serializedVersion: 5
  m_Component:
  - component: {fileID: 449898}
  m_Layer: 0
  m_Name: MHuman_L_FootVis2
  m_TagString: Untagged
  m_Icon: {fileID: 0}
  m_NavMeshLayer: 0
  m_StaticEditorFlags: 0
  m_IsActive: 1
--- !u!1 &131416
GameObject:
  m_ObjectHideFlags: 1
  m_PrefabParentObject: {fileID: 0}
  m_PrefabInternal: {fileID: 100100000}
  serializedVersion: 5
  m_Component:
  - component: {fileID: 497610}
  m_Layer: 0
  m_Name: MHuman_Chest
  m_TagString: Untagged
  m_Icon: {fileID: 0}
  m_NavMeshLayer: 0
  m_StaticEditorFlags: 0
  m_IsActive: 1
--- !u!1 &133144
GameObject:
  m_ObjectHideFlags: 1
  m_PrefabParentObject: {fileID: 0}
  m_PrefabInternal: {fileID: 100100000}
  serializedVersion: 5
  m_Component:
  - component: {fileID: 447790}
  m_Layer: 0
  m_Name: MHuman_R_Ring4
  m_TagString: Untagged
  m_Icon: {fileID: 0}
  m_NavMeshLayer: 0
  m_StaticEditorFlags: 0
  m_IsActive: 1
--- !u!1 &134066
GameObject:
  m_ObjectHideFlags: 1
  m_PrefabParentObject: {fileID: 0}
  m_PrefabInternal: {fileID: 100100000}
  serializedVersion: 5
  m_Component:
  - component: {fileID: 479482}
  m_Layer: 0
  m_Name: MHuman_R_Middle1
  m_TagString: Untagged
  m_Icon: {fileID: 0}
  m_NavMeshLayer: 0
  m_StaticEditorFlags: 0
  m_IsActive: 1
--- !u!1 &135232
GameObject:
  m_ObjectHideFlags: 1
  m_PrefabParentObject: {fileID: 0}
  m_PrefabInternal: {fileID: 100100000}
  serializedVersion: 5
  m_Component:
  - component: {fileID: 419068}
  m_Layer: 0
  m_Name: MHuman_R_Ring2
  m_TagString: Untagged
  m_Icon: {fileID: 0}
  m_NavMeshLayer: 0
  m_StaticEditorFlags: 0
  m_IsActive: 1
--- !u!1 &137292
GameObject:
  m_ObjectHideFlags: 1
  m_PrefabParentObject: {fileID: 0}
  m_PrefabInternal: {fileID: 100100000}
  serializedVersion: 5
  m_Component:
  - component: {fileID: 496622}
  m_Layer: 0
  m_Name: MHuman_L_Index1
  m_TagString: Untagged
  m_Icon: {fileID: 0}
  m_NavMeshLayer: 0
  m_StaticEditorFlags: 0
  m_IsActive: 1
--- !u!1 &137450
GameObject:
  m_ObjectHideFlags: 1
  m_PrefabParentObject: {fileID: 0}
  m_PrefabInternal: {fileID: 100100000}
  serializedVersion: 5
  m_Component:
  - component: {fileID: 419108}
  m_Layer: 0
  m_Name: MHuman_R_Elbow
  m_TagString: Untagged
  m_Icon: {fileID: 0}
  m_NavMeshLayer: 0
  m_StaticEditorFlags: 0
  m_IsActive: 1
--- !u!1 &138794
GameObject:
  m_ObjectHideFlags: 1
  m_PrefabParentObject: {fileID: 0}
  m_PrefabInternal: {fileID: 100100000}
  serializedVersion: 5
  m_Component:
  - component: {fileID: 403320}
  m_Layer: 0
  m_Name: MHuman_R_Pinky4
  m_TagString: Untagged
  m_Icon: {fileID: 0}
  m_NavMeshLayer: 0
  m_StaticEditorFlags: 0
  m_IsActive: 1
--- !u!1 &140898
GameObject:
  m_ObjectHideFlags: 0
  m_PrefabParentObject: {fileID: 0}
  m_PrefabInternal: {fileID: 100100000}
  serializedVersion: 5
  m_Component:
  - component: {fileID: 433934}
  - component: {fileID: 13761116}
  m_Layer: 0
  m_Name: MHuman
  m_TagString: Untagged
  m_Icon: {fileID: 0}
  m_NavMeshLayer: 0
  m_StaticEditorFlags: 0
  m_IsActive: 1
--- !u!1 &140976
GameObject:
  m_ObjectHideFlags: 1
  m_PrefabParentObject: {fileID: 0}
  m_PrefabInternal: {fileID: 100100000}
  serializedVersion: 5
  m_Component:
  - component: {fileID: 439234}
  m_Layer: 0
  m_Name: MHuman_L_Ring4
  m_TagString: Untagged
  m_Icon: {fileID: 0}
  m_NavMeshLayer: 0
  m_StaticEditorFlags: 0
  m_IsActive: 1
--- !u!1 &141602
GameObject:
  m_ObjectHideFlags: 1
  m_PrefabParentObject: {fileID: 0}
  m_PrefabInternal: {fileID: 100100000}
  serializedVersion: 5
  m_Component:
  - component: {fileID: 482026}
  m_Layer: 0
  m_Name: MHuman_L_Wrist
  m_TagString: Untagged
  m_Icon: {fileID: 0}
  m_NavMeshLayer: 0
  m_StaticEditorFlags: 0
  m_IsActive: 1
--- !u!1 &145482
GameObject:
  m_ObjectHideFlags: 1
  m_PrefabParentObject: {fileID: 0}
  m_PrefabInternal: {fileID: 100100000}
  serializedVersion: 5
  m_Component:
  - component: {fileID: 461182}
  m_Layer: 0
  m_Name: MHuman_R_ToeEnd
  m_TagString: Untagged
  m_Icon: {fileID: 0}
  m_NavMeshLayer: 0
  m_StaticEditorFlags: 0
  m_IsActive: 1
--- !u!1 &146124
GameObject:
  m_ObjectHideFlags: 1
  m_PrefabParentObject: {fileID: 0}
  m_PrefabInternal: {fileID: 100100000}
  serializedVersion: 5
  m_Component:
  - component: {fileID: 474152}
  m_Layer: 0
  m_Name: MHuman_R_Hand
  m_TagString: Untagged
  m_Icon: {fileID: 0}
  m_NavMeshLayer: 0
  m_StaticEditorFlags: 0
  m_IsActive: 1
--- !u!1 &149688
GameObject:
  m_ObjectHideFlags: 1
  m_PrefabParentObject: {fileID: 0}
  m_PrefabInternal: {fileID: 100100000}
  serializedVersion: 5
  m_Component:
  - component: {fileID: 450610}
  m_Layer: 0
  m_Name: MHuman_R_Thumb1
  m_TagString: Untagged
  m_Icon: {fileID: 0}
  m_NavMeshLayer: 0
  m_StaticEditorFlags: 0
  m_IsActive: 1
--- !u!1 &152112
GameObject:
  m_ObjectHideFlags: 1
  m_PrefabParentObject: {fileID: 0}
  m_PrefabInternal: {fileID: 100100000}
  serializedVersion: 5
  m_Component:
  - component: {fileID: 407800}
  m_Layer: 0
  m_Name: MHuman_L_ToeEnd
  m_TagString: Untagged
  m_Icon: {fileID: 0}
  m_NavMeshLayer: 0
  m_StaticEditorFlags: 0
  m_IsActive: 1
--- !u!1 &156568
GameObject:
  m_ObjectHideFlags: 1
  m_PrefabParentObject: {fileID: 0}
  m_PrefabInternal: {fileID: 100100000}
  serializedVersion: 5
  m_Component:
  - component: {fileID: 414774}
  m_Layer: 0
  m_Name: MHuman_L_Thumb2
  m_TagString: Untagged
  m_Icon: {fileID: 0}
  m_NavMeshLayer: 0
  m_StaticEditorFlags: 0
  m_IsActive: 1
--- !u!1 &157624
GameObject:
  m_ObjectHideFlags: 1
  m_PrefabParentObject: {fileID: 0}
  m_PrefabInternal: {fileID: 100100000}
  serializedVersion: 5
  m_Component:
  - component: {fileID: 472324}
  m_Layer: 0
  m_Name: MHuman_L_FootVis1
  m_TagString: Untagged
  m_Icon: {fileID: 0}
  m_NavMeshLayer: 0
  m_StaticEditorFlags: 0
  m_IsActive: 1
--- !u!1 &157808
GameObject:
  m_ObjectHideFlags: 1
  m_PrefabParentObject: {fileID: 0}
  m_PrefabInternal: {fileID: 100100000}
  serializedVersion: 5
  m_Component:
  - component: {fileID: 446644}
  m_Layer: 0
  m_Name: MHuman_L_Clav
  m_TagString: Untagged
  m_Icon: {fileID: 0}
  m_NavMeshLayer: 0
  m_StaticEditorFlags: 0
  m_IsActive: 1
--- !u!1 &158684
GameObject:
  m_ObjectHideFlags: 1
  m_PrefabParentObject: {fileID: 0}
  m_PrefabInternal: {fileID: 100100000}
  serializedVersion: 5
  m_Component:
  - component: {fileID: 446212}
  m_Layer: 0
  m_Name: MHuman_Spine1
  m_TagString: Untagged
  m_Icon: {fileID: 0}
  m_NavMeshLayer: 0
  m_StaticEditorFlags: 0
  m_IsActive: 1
--- !u!1 &162324
GameObject:
  m_ObjectHideFlags: 1
  m_PrefabParentObject: {fileID: 0}
  m_PrefabInternal: {fileID: 100100000}
  serializedVersion: 5
  m_Component:
  - component: {fileID: 459348}
  m_Layer: 0
  m_Name: MHuman_R_Middle2
  m_TagString: Untagged
  m_Icon: {fileID: 0}
  m_NavMeshLayer: 0
  m_StaticEditorFlags: 0
  m_IsActive: 1
--- !u!1 &163268
GameObject:
  m_ObjectHideFlags: 1
  m_PrefabParentObject: {fileID: 0}
  m_PrefabInternal: {fileID: 100100000}
  serializedVersion: 5
  m_Component:
  - component: {fileID: 499126}
  m_Layer: 0
  m_Name: MHuman_R_Ring3
  m_TagString: Untagged
  m_Icon: {fileID: 0}
  m_NavMeshLayer: 0
  m_StaticEditorFlags: 0
  m_IsActive: 1
--- !u!1 &163350
GameObject:
  m_ObjectHideFlags: 1
  m_PrefabParentObject: {fileID: 0}
  m_PrefabInternal: {fileID: 100100000}
  serializedVersion: 5
  m_Component:
  - component: {fileID: 492640}
  m_Layer: 0
  m_Name: MHuman_L_Elbow
  m_TagString: Untagged
  m_Icon: {fileID: 0}
  m_NavMeshLayer: 0
  m_StaticEditorFlags: 0
  m_IsActive: 1
--- !u!1 &163632
GameObject:
  m_ObjectHideFlags: 1
  m_PrefabParentObject: {fileID: 0}
  m_PrefabInternal: {fileID: 100100000}
  serializedVersion: 5
  m_Component:
  - component: {fileID: 437174}
  m_Layer: 0
  m_Name: MHuman_L_Knee
  m_TagString: Untagged
  m_Icon: {fileID: 0}
  m_NavMeshLayer: 0
  m_StaticEditorFlags: 0
  m_IsActive: 1
--- !u!1 &165250
GameObject:
  m_ObjectHideFlags: 1
  m_PrefabParentObject: {fileID: 0}
  m_PrefabInternal: {fileID: 100100000}
  serializedVersion: 5
  m_Component:
  - component: {fileID: 432634}
  m_Layer: 0
  m_Name: MHuman_L_Index2
  m_TagString: Untagged
  m_Icon: {fileID: 0}
  m_NavMeshLayer: 0
  m_StaticEditorFlags: 0
  m_IsActive: 1
--- !u!1 &165556
GameObject:
  m_ObjectHideFlags: 1
  m_PrefabParentObject: {fileID: 0}
  m_PrefabInternal: {fileID: 100100000}
  serializedVersion: 5
  m_Component:
  - component: {fileID: 415226}
  m_Layer: 0
  m_Name: MHuman_R_Pinky3
  m_TagString: Untagged
  m_Icon: {fileID: 0}
  m_NavMeshLayer: 0
  m_StaticEditorFlags: 0
  m_IsActive: 1
--- !u!1 &166548
GameObject:
  m_ObjectHideFlags: 1
  m_PrefabParentObject: {fileID: 0}
  m_PrefabInternal: {fileID: 100100000}
  serializedVersion: 5
  m_Component:
  - component: {fileID: 482040}
  m_Layer: 0
  m_Name: MHuman_R_Wrist
  m_TagString: Untagged
  m_Icon: {fileID: 0}
  m_NavMeshLayer: 0
  m_StaticEditorFlags: 0
  m_IsActive: 1
--- !u!1 &167980
GameObject:
  m_ObjectHideFlags: 1
  m_PrefabParentObject: {fileID: 0}
  m_PrefabInternal: {fileID: 100100000}
  serializedVersion: 5
  m_Component:
  - component: {fileID: 468680}
  m_Layer: 0
  m_Name: MHuman_R_Knee
  m_TagString: Untagged
  m_Icon: {fileID: 0}
  m_NavMeshLayer: 0
  m_StaticEditorFlags: 0
  m_IsActive: 1
--- !u!1 &168762
GameObject:
  m_ObjectHideFlags: 1
  m_PrefabParentObject: {fileID: 0}
  m_PrefabInternal: {fileID: 100100000}
  serializedVersion: 5
  m_Component:
  - component: {fileID: 496948}
  m_Layer: 0
  m_Name: MHuman_R_Middle4
  m_TagString: Untagged
  m_Icon: {fileID: 0}
  m_NavMeshLayer: 0
  m_StaticEditorFlags: 0
  m_IsActive: 1
--- !u!1 &172198
GameObject:
  m_ObjectHideFlags: 1
  m_PrefabParentObject: {fileID: 0}
  m_PrefabInternal: {fileID: 100100000}
  serializedVersion: 5
  m_Component:
  - component: {fileID: 461226}
  m_Layer: 0
  m_Name: MHuman_R_Index3
  m_TagString: Untagged
  m_Icon: {fileID: 0}
  m_NavMeshLayer: 0
  m_StaticEditorFlags: 0
  m_IsActive: 1
--- !u!1 &172686
GameObject:
  m_ObjectHideFlags: 1
  m_PrefabParentObject: {fileID: 0}
  m_PrefabInternal: {fileID: 100100000}
  serializedVersion: 5
  m_Component:
  - component: {fileID: 402408}
  m_Layer: 0
  m_Name: MHuman_R_Thumb3
  m_TagString: Untagged
  m_Icon: {fileID: 0}
  m_NavMeshLayer: 0
  m_StaticEditorFlags: 0
  m_IsActive: 1
--- !u!1 &172976
GameObject:
  m_ObjectHideFlags: 1
  m_PrefabParentObject: {fileID: 0}
  m_PrefabInternal: {fileID: 100100000}
  serializedVersion: 5
  m_Component:
  - component: {fileID: 438430}
  m_Layer: 0
  m_Name: MHuman_L_Pinky3
  m_TagString: Untagged
  m_Icon: {fileID: 0}
  m_NavMeshLayer: 0
  m_StaticEditorFlags: 0
  m_IsActive: 1
--- !u!1 &174524
GameObject:
  m_ObjectHideFlags: 1
  m_PrefabParentObject: {fileID: 0}
  m_PrefabInternal: {fileID: 100100000}
  serializedVersion: 5
  m_Component:
  - component: {fileID: 436598}
  m_Layer: 0
  m_Name: MHuman_Head
  m_TagString: Untagged
  m_Icon: {fileID: 0}
  m_NavMeshLayer: 0
  m_StaticEditorFlags: 0
  m_IsActive: 1
--- !u!1 &175348
GameObject:
  m_ObjectHideFlags: 1
  m_PrefabParentObject: {fileID: 0}
  m_PrefabInternal: {fileID: 100100000}
  serializedVersion: 5
  m_Component:
  - component: {fileID: 419784}
  m_Layer: 0
  m_Name: MHuman_R_Thumb4
  m_TagString: Untagged
  m_Icon: {fileID: 0}
  m_NavMeshLayer: 0
  m_StaticEditorFlags: 0
  m_IsActive: 1
--- !u!1 &175946
GameObject:
  m_ObjectHideFlags: 1
  m_PrefabParentObject: {fileID: 0}
  m_PrefabInternal: {fileID: 100100000}
  serializedVersion: 5
  m_Component:
  - component: {fileID: 400174}
  m_Layer: 0
  m_Name: MHuman_L_Pinky4
  m_TagString: Untagged
  m_Icon: {fileID: 0}
  m_NavMeshLayer: 0
  m_StaticEditorFlags: 0
  m_IsActive: 1
--- !u!1 &178718
GameObject:
  m_ObjectHideFlags: 1
  m_PrefabParentObject: {fileID: 0}
  m_PrefabInternal: {fileID: 100100000}
  serializedVersion: 5
  m_Component:
  - component: {fileID: 479400}
  m_Layer: 0
  m_Name: MHuman_L_Pinky1
  m_TagString: Untagged
  m_Icon: {fileID: 0}
  m_NavMeshLayer: 0
  m_StaticEditorFlags: 0
  m_IsActive: 1
--- !u!1 &179082
GameObject:
  m_ObjectHideFlags: 1
  m_PrefabParentObject: {fileID: 0}
  m_PrefabInternal: {fileID: 100100000}
  serializedVersion: 5
  m_Component:
  - component: {fileID: 498912}
  m_Layer: 0
  m_Name: MHuman_R_Pinky2
  m_TagString: Untagged
  m_Icon: {fileID: 0}
  m_NavMeshLayer: 0
  m_StaticEditorFlags: 0
  m_IsActive: 1
--- !u!1 &180140
GameObject:
  m_ObjectHideFlags: 1
  m_PrefabParentObject: {fileID: 0}
  m_PrefabInternal: {fileID: 100100000}
  serializedVersion: 5
  m_Component:
  - component: {fileID: 425804}
  m_Layer: 0
  m_Name: MHuman_L_Middle1
  m_TagString: Untagged
  m_Icon: {fileID: 0}
  m_NavMeshLayer: 0
  m_StaticEditorFlags: 0
  m_IsActive: 1
--- !u!1 &180308
GameObject:
  m_ObjectHideFlags: 1
  m_PrefabParentObject: {fileID: 0}
  m_PrefabInternal: {fileID: 100100000}
  serializedVersion: 5
  m_Component:
  - component: {fileID: 461096}
  m_Layer: 0
  m_Name: MHuman_L_Hand
  m_TagString: Untagged
  m_Icon: {fileID: 0}
  m_NavMeshLayer: 0
  m_StaticEditorFlags: 0
  m_IsActive: 1
--- !u!1 &181116
GameObject:
  m_ObjectHideFlags: 1
  m_PrefabParentObject: {fileID: 0}
  m_PrefabInternal: {fileID: 100100000}
  serializedVersion: 5
  m_Component:
  - component: {fileID: 437646}
  m_Layer: 0
  m_Name: MHuman_Neck
  m_TagString: Untagged
  m_Icon: {fileID: 0}
  m_NavMeshLayer: 0
  m_StaticEditorFlags: 0
  m_IsActive: 1
--- !u!1 &183924
GameObject:
  m_ObjectHideFlags: 1
  m_PrefabParentObject: {fileID: 0}
  m_PrefabInternal: {fileID: 100100000}
  serializedVersion: 5
  m_Component:
  - component: {fileID: 425060}
  m_Layer: 0
  m_Name: MHuman_L_Index3
  m_TagString: Untagged
  m_Icon: {fileID: 0}
  m_NavMeshLayer: 0
  m_StaticEditorFlags: 0
  m_IsActive: 1
--- !u!1 &183942
GameObject:
  m_ObjectHideFlags: 1
  m_PrefabParentObject: {fileID: 0}
  m_PrefabInternal: {fileID: 100100000}
  serializedVersion: 5
  m_Component:
  - component: {fileID: 480742}
  m_Layer: 0
  m_Name: MHuman_R_Index4
  m_TagString: Untagged
  m_Icon: {fileID: 0}
  m_NavMeshLayer: 0
  m_StaticEditorFlags: 0
  m_IsActive: 1
--- !u!1 &187806
GameObject:
  m_ObjectHideFlags: 1
  m_PrefabParentObject: {fileID: 0}
  m_PrefabInternal: {fileID: 100100000}
  serializedVersion: 5
  m_Component:
  - component: {fileID: 488100}
  m_Layer: 0
  m_Name: MHuman_L_Femur
  m_TagString: Untagged
  m_Icon: {fileID: 0}
  m_NavMeshLayer: 0
  m_StaticEditorFlags: 0
  m_IsActive: 1
--- !u!1 &188662
GameObject:
  m_ObjectHideFlags: 1
  m_PrefabParentObject: {fileID: 0}
  m_PrefabInternal: {fileID: 100100000}
  serializedVersion: 5
  m_Component:
  - component: {fileID: 469610}
  m_Layer: 0
  m_Name: MHuman_Head_End
  m_TagString: Untagged
  m_Icon: {fileID: 0}
  m_NavMeshLayer: 0
  m_StaticEditorFlags: 0
  m_IsActive: 1
--- !u!1 &189136
GameObject:
  m_ObjectHideFlags: 1
  m_PrefabParentObject: {fileID: 0}
  m_PrefabInternal: {fileID: 100100000}
  serializedVersion: 5
  m_Component:
  - component: {fileID: 401252}
  m_Layer: 0
  m_Name: MHuman_L_Middle4
  m_TagString: Untagged
  m_Icon: {fileID: 0}
  m_NavMeshLayer: 0
  m_StaticEditorFlags: 0
  m_IsActive: 1
--- !u!1 &189238
GameObject:
  m_ObjectHideFlags: 1
  m_PrefabParentObject: {fileID: 0}
  m_PrefabInternal: {fileID: 100100000}
  serializedVersion: 5
  m_Component:
  - component: {fileID: 410150}
  m_Layer: 0
  m_Name: MHuman_R_Toe
  m_TagString: Untagged
  m_Icon: {fileID: 0}
  m_NavMeshLayer: 0
  m_StaticEditorFlags: 0
  m_IsActive: 1
--- !u!1 &189354
GameObject:
  m_ObjectHideFlags: 1
  m_PrefabParentObject: {fileID: 0}
  m_PrefabInternal: {fileID: 100100000}
  serializedVersion: 5
  m_Component:
  - component: {fileID: 478294}
  m_Layer: 0
  m_Name: MHuman_R_FootVis1
  m_TagString: Untagged
  m_Icon: {fileID: 0}
  m_NavMeshLayer: 0
  m_StaticEditorFlags: 0
  m_IsActive: 1
--- !u!1 &189410
GameObject:
  m_ObjectHideFlags: 1
  m_PrefabParentObject: {fileID: 0}
  m_PrefabInternal: {fileID: 100100000}
  serializedVersion: 5
  m_Component:
  - component: {fileID: 414724}
  m_Layer: 0
  m_Name: MHuman_L_Ring2
  m_TagString: Untagged
  m_Icon: {fileID: 0}
  m_NavMeshLayer: 0
  m_StaticEditorFlags: 0
  m_IsActive: 1
--- !u!1 &190978
GameObject:
  m_ObjectHideFlags: 1
  m_PrefabParentObject: {fileID: 0}
  m_PrefabInternal: {fileID: 100100000}
  serializedVersion: 5
  m_Component:
  - component: {fileID: 400600}
  m_Layer: 0
  m_Name: MHuman_R_Pinky1
  m_TagString: Untagged
  m_Icon: {fileID: 0}
  m_NavMeshLayer: 0
  m_StaticEditorFlags: 0
  m_IsActive: 1
--- !u!1 &190988
GameObject:
  m_ObjectHideFlags: 1
  m_PrefabParentObject: {fileID: 0}
  m_PrefabInternal: {fileID: 100100000}
  serializedVersion: 5
  m_Component:
  - component: {fileID: 452270}
  m_Layer: 0
  m_Name: MHuman_R_Thumb2
  m_TagString: Untagged
  m_Icon: {fileID: 0}
  m_NavMeshLayer: 0
  m_StaticEditorFlags: 0
  m_IsActive: 1
--- !u!1 &192894
GameObject:
  m_ObjectHideFlags: 0
  m_PrefabParentObject: {fileID: 0}
  m_PrefabInternal: {fileID: 100100000}
  serializedVersion: 5
  m_Component:
  - component: {fileID: 476918}
  m_Layer: 0
  m_Name: MHuman_Root
  m_TagString: Untagged
  m_Icon: {fileID: 0}
  m_NavMeshLayer: 0
  m_StaticEditorFlags: 0
  m_IsActive: 1
--- !u!1 &193252
GameObject:
  m_ObjectHideFlags: 1
  m_PrefabParentObject: {fileID: 0}
  m_PrefabInternal: {fileID: 100100000}
  serializedVersion: 5
  m_Component:
  - component: {fileID: 424402}
  m_Layer: 0
  m_Name: MHuman_L_Pinky2
  m_TagString: Untagged
  m_Icon: {fileID: 0}
  m_NavMeshLayer: 0
  m_StaticEditorFlags: 0
  m_IsActive: 1
--- !u!1 &193404
GameObject:
  m_ObjectHideFlags: 1
  m_PrefabParentObject: {fileID: 0}
  m_PrefabInternal: {fileID: 100100000}
  serializedVersion: 5
  m_Component:
  - component: {fileID: 495854}
  m_Layer: 0
  m_Name: MHuman_L_Middle3
  m_TagString: Untagged
  m_Icon: {fileID: 0}
  m_NavMeshLayer: 0
  m_StaticEditorFlags: 0
  m_IsActive: 1
--- !u!1 &195672
GameObject:
  m_ObjectHideFlags: 1
  m_PrefabParentObject: {fileID: 0}
  m_PrefabInternal: {fileID: 100100000}
  serializedVersion: 5
  m_Component:
  - component: {fileID: 449340}
  m_Layer: 0
  m_Name: MHuman_L_Thumb3
  m_TagString: Untagged
  m_Icon: {fileID: 0}
  m_NavMeshLayer: 0
  m_StaticEditorFlags: 0
  m_IsActive: 1
--- !u!1 &197082
GameObject:
  m_ObjectHideFlags: 1
  m_PrefabParentObject: {fileID: 0}
  m_PrefabInternal: {fileID: 100100000}
  serializedVersion: 5
  m_Component:
  - component: {fileID: 446808}
  m_Layer: 0
  m_Name: MHuman_Spine2
  m_TagString: Untagged
  m_Icon: {fileID: 0}
  m_NavMeshLayer: 0
  m_StaticEditorFlags: 0
  m_IsActive: 1
--- !u!1 &197258
GameObject:
  m_ObjectHideFlags: 1
  m_PrefabParentObject: {fileID: 0}
  m_PrefabInternal: {fileID: 100100000}
  serializedVersion: 5
  m_Component:
  - component: {fileID: 406330}
  m_Layer: 0
  m_Name: MHuman_R_Femur
  m_TagString: Untagged
  m_Icon: {fileID: 0}
  m_NavMeshLayer: 0
  m_StaticEditorFlags: 0
  m_IsActive: 1
--- !u!1 &197332
GameObject:
  m_ObjectHideFlags: 1
  m_PrefabParentObject: {fileID: 0}
  m_PrefabInternal: {fileID: 100100000}
  serializedVersion: 5
  m_Component:
  - component: {fileID: 427300}
  m_Layer: 0
  m_Name: MHuman_R_Index1
  m_TagString: Untagged
  m_Icon: {fileID: 0}
  m_NavMeshLayer: 0
  m_StaticEditorFlags: 0
  m_IsActive: 1
--- !u!1 &198076
GameObject:
  m_ObjectHideFlags: 1
  m_PrefabParentObject: {fileID: 0}
  m_PrefabInternal: {fileID: 100100000}
  serializedVersion: 5
  m_Component:
  - component: {fileID: 473924}
  m_Layer: 0
  m_Name: MHuman_L_Ring3
  m_TagString: Untagged
  m_Icon: {fileID: 0}
  m_NavMeshLayer: 0
  m_StaticEditorFlags: 0
  m_IsActive: 1
--- !u!4 &400056
Transform:
  m_ObjectHideFlags: 1
  m_PrefabParentObject: {fileID: 0}
  m_PrefabInternal: {fileID: 100100000}
  m_GameObject: {fileID: 124910}
  m_LocalRotation: {x: 0.1639209, y: -0.15187097, z: 0.020695366, w: 0.97449315}
  m_LocalPosition: {x: -0.22453938, y: 1.4210854e-16, z: 0}
  m_LocalScale: {x: 1, y: 1, z: 1}
  m_Children:
  - {fileID: 492640}
  m_Father: {fileID: 446644}
  m_RootOrder: 0
  m_LocalEulerAnglesHint: {x: 0, y: 0, z: 0}
--- !u!4 &400174
Transform:
  m_ObjectHideFlags: 1
  m_PrefabParentObject: {fileID: 0}
  m_PrefabInternal: {fileID: 100100000}
  m_GameObject: {fileID: 175946}
  m_LocalRotation: {x: 0.009234604, y: -0.009234604, z: 0.7070465, w: 0.7070465}
  m_LocalPosition: {x: -0.038552478, y: 8.5265126e-16, z: -7.105427e-17}
  m_LocalScale: {x: 1, y: 1, z: 1}
  m_Children: []
  m_Father: {fileID: 438430}
  m_RootOrder: 0
  m_LocalEulerAnglesHint: {x: 0, y: 0, z: 0}
--- !u!4 &400600
Transform:
  m_ObjectHideFlags: 1
  m_PrefabParentObject: {fileID: 0}
  m_PrefabInternal: {fileID: 100100000}
  m_GameObject: {fileID: 190978}
  m_LocalRotation: {x: -0.05926551, y: -0.17888893, z: 0.18149133, w: 0.9651669}
  m_LocalPosition: {x: 0.025569536, y: -0.013459233, z: -0.06057139}
  m_LocalScale: {x: 1, y: 1, z: 1}
  m_Children:
  - {fileID: 498912}
  m_Father: {fileID: 474152}
  m_RootOrder: 2
  m_LocalEulerAnglesHint: {x: 0, y: 0, z: 0}
--- !u!4 &401252
Transform:
  m_ObjectHideFlags: 1
  m_PrefabParentObject: {fileID: 0}
  m_PrefabInternal: {fileID: 100100000}
  m_GameObject: {fileID: 189136}
  m_LocalRotation: {x: 0.009457547, y: -0.009457547, z: 0.7070435, w: 0.7070435}
  m_LocalPosition: {x: -0.0339301, y: -0.0041519403, z: -0.0013295924}
  m_LocalScale: {x: 1, y: 1, z: 1}
  m_Children: []
  m_Father: {fileID: 495854}
  m_RootOrder: 0
  m_LocalEulerAnglesHint: {x: 0, y: 0, z: 0}
--- !u!4 &402408
Transform:
  m_ObjectHideFlags: 1
  m_PrefabParentObject: {fileID: 0}
  m_PrefabInternal: {fileID: 100100000}
  m_GameObject: {fileID: 172686}
  m_LocalRotation: {x: 0.020126851, y: -0.109470606, z: -0.027245447, w: 0.99341273}
  m_LocalPosition: {x: 0.016810862, y: -0.03772239, z: 0.028010389}
  m_LocalScale: {x: 1, y: 1, z: 1}
  m_Children:
  - {fileID: 419784}
  m_Father: {fileID: 452270}
  m_RootOrder: 0
  m_LocalEulerAnglesHint: {x: 0, y: 0, z: 0}
--- !u!4 &403320
Transform:
  m_ObjectHideFlags: 1
  m_PrefabParentObject: {fileID: 0}
  m_PrefabInternal: {fileID: 100100000}
  m_GameObject: {fileID: 138794}
  m_LocalRotation: {x: 0.009234604, y: -0.009234604, z: 0.7070465, w: 0.7070465}
  m_LocalPosition: {x: 0.012312868, y: -0.024746116, z: -0.026875533}
  m_LocalScale: {x: 1, y: 1, z: 1}
  m_Children: []
  m_Father: {fileID: 415226}
  m_RootOrder: 0
  m_LocalEulerAnglesHint: {x: 0, y: 0, z: 0}
--- !u!4 &403986
Transform:
  m_ObjectHideFlags: 1
  m_PrefabParentObject: {fileID: 0}
  m_PrefabInternal: {fileID: 100100000}
  m_GameObject: {fileID: 123260}
  m_LocalRotation: {x: -0.00022229088, y: -0.007107041, z: 0.03126148, w: 0.99948597}
  m_LocalPosition: {x: -0.06101508, y: -0.0005116231, z: -0.0009243497}
  m_LocalScale: {x: 1, y: 1, z: 1}
  m_Children:
  - {fileID: 495854}
  m_Father: {fileID: 425804}
  m_RootOrder: 0
  m_LocalEulerAnglesHint: {x: 0, y: 0, z: 0}
--- !u!4 &406330
Transform:
  m_ObjectHideFlags: 1
  m_PrefabParentObject: {fileID: 0}
  m_PrefabInternal: {fileID: 100100000}
  m_GameObject: {fileID: 197258}
  m_LocalRotation: {x: 0.013089635, y: -0.6764157, z: -0.014247824, w: 0.7362659}
  m_LocalPosition: {x: 0.139422, y: -0.00000001767103, z: -0.04072616}
  m_LocalScale: {x: 1, y: 1, z: 1}
  m_Children:
  - {fileID: 468680}
  m_Father: {fileID: 476918}
  m_RootOrder: 1
  m_LocalEulerAnglesHint: {x: 0, y: 0, z: 0}
--- !u!4 &407800
Transform:
  m_ObjectHideFlags: 1
  m_PrefabParentObject: {fileID: 0}
  m_PrefabInternal: {fileID: 100100000}
  m_GameObject: {fileID: 152112}
  m_LocalRotation: {x: -3.5778672e-16, y: 1.5612511e-17, z: -1.179612e-16, w: 1}
  m_LocalPosition: {x: -0.08867065, y: 0.004767024, z: 0.000497995}
  m_LocalScale: {x: 1, y: 1, z: 1}
  m_Children: []
  m_Father: {fileID: 464822}
  m_RootOrder: 0
  m_LocalEulerAnglesHint: {x: 0, y: 0, z: 0}
--- !u!4 &410150
Transform:
  m_ObjectHideFlags: 1
  m_PrefabParentObject: {fileID: 0}
  m_PrefabInternal: {fileID: 100100000}
  m_GameObject: {fileID: 189238}
  m_LocalRotation: {x: 0, y: 0, z: 0.23869741, w: 0.971094}
  m_LocalPosition: {x: -0.19515307, y: 0.016053015, z: -0.032694466}
  m_LocalScale: {x: 1, y: 1, z: 1}
  m_Children:
  - {fileID: 461182}
  m_Father: {fileID: 418148}
  m_RootOrder: 1
  m_LocalEulerAnglesHint: {x: 0, y: 0, z: 0}
--- !u!4 &411064
Transform:
  m_ObjectHideFlags: 1
  m_PrefabParentObject: {fileID: 0}
  m_PrefabInternal: {fileID: 100100000}
  m_GameObject: {fileID: 110388}
  m_LocalRotation: {x: -0.031590417, y: -0.09116286, z: 0.1328103, w: 0.9864344}
  m_LocalPosition: {x: 0.049449403, y: -0.005248626, z: -0.04834791}
  m_LocalScale: {x: 1, y: 1, z: 1}
  m_Children:
  - {fileID: 419068}
  m_Father: {fileID: 474152}
  m_RootOrder: 3
  m_LocalEulerAnglesHint: {x: 0, y: 0, z: 0}
--- !u!4 &412334
Transform:
  m_ObjectHideFlags: 1
  m_PrefabParentObject: {fileID: 0}
  m_PrefabInternal: {fileID: 100100000}
  m_GameObject: {fileID: 106646}
  m_LocalRotation: {x: -0.17550826, y: 0, z: -0, w: 0.984478}
  m_LocalPosition: {x: -0, y: 2.1316282e-16, z: 0.12532341}
  m_LocalScale: {x: 1, y: 1, z: 1}
  m_Children:
  - {fileID: 497610}
  m_Father: {fileID: 446808}
  m_RootOrder: 0
  m_LocalEulerAnglesHint: {x: 0, y: 0, z: 0}
--- !u!4 &413390
Transform:
  m_ObjectHideFlags: 1
  m_PrefabParentObject: {fileID: 0}
  m_PrefabInternal: {fileID: 100100000}
  m_GameObject: {fileID: 126954}
  m_LocalRotation: {x: 0.0010308482, y: 0.019060124, z: -0.005441402, w: 0.999803}
  m_LocalPosition: {x: 0.027803525, y: -0.033865202, z: -0.013231974}
  m_LocalScale: {x: 1, y: 1, z: 1}
  m_Children:
  - {fileID: 496948}
  m_Father: {fileID: 459348}
  m_RootOrder: 0
  m_LocalEulerAnglesHint: {x: 0, y: 0, z: 0}
--- !u!4 &414440
Transform:
  m_ObjectHideFlags: 1
  m_PrefabParentObject: {fileID: 0}
  m_PrefabInternal: {fileID: 100100000}
  m_GameObject: {fileID: 105958}
  m_LocalRotation: {x: 0.0052418523, y: -0.031923495, z: 0.18545191, w: 0.9821207}
  m_LocalPosition: {x: 0.045814775, y: -0.022397017, z: 0.0004966365}
  m_LocalScale: {x: 1, y: 1, z: 1}
  m_Children:
  - {fileID: 461226}
  m_Father: {fileID: 427300}
  m_RootOrder: 0
  m_LocalEulerAnglesHint: {x: 0, y: 0, z: 0}
--- !u!4 &414724
Transform:
  m_ObjectHideFlags: 1
  m_PrefabParentObject: {fileID: 0}
  m_PrefabInternal: {fileID: 100100000}
  m_GameObject: {fileID: 189410}
  m_LocalRotation: {x: 0.0051464597, y: 0.043413773, z: 0.06493466, w: 0.99693143}
  m_LocalPosition: {x: -0.04471647, y: 1.9895197e-15, z: 1.4210854e-16}
  m_LocalScale: {x: 1, y: 1, z: 1}
  m_Children:
  - {fileID: 473924}
  m_Father: {fileID: 484084}
  m_RootOrder: 0
  m_LocalEulerAnglesHint: {x: 0, y: 0, z: 0}
--- !u!4 &414774
Transform:
  m_ObjectHideFlags: 1
  m_PrefabParentObject: {fileID: 0}
  m_PrefabInternal: {fileID: 100100000}
  m_GameObject: {fileID: 156568}
  m_LocalRotation: {x: -0.04938787, y: -0.12178796, z: 0.033187587, w: 0.990771}
  m_LocalPosition: {x: -0.047903266, y: 0.0022440916, z: -0.00079560606}
  m_LocalScale: {x: 1, y: 1, z: 1}
  m_Children:
  - {fileID: 449340}
  m_Father: {fileID: 479072}
  m_RootOrder: 0
  m_LocalEulerAnglesHint: {x: 0, y: 0, z: 0}
--- !u!4 &415226
Transform:
  m_ObjectHideFlags: 1
  m_PrefabParentObject: {fileID: 0}
  m_PrefabInternal: {fileID: 100100000}
  m_GameObject: {fileID: 165556}
  m_LocalRotation: {x: -0.008705091, y: -0.007949714, z: 0.07114258, w: 0.99739647}
  m_LocalPosition: {x: 0.013897845, y: -0.013491592, z: -0.019579776}
  m_LocalScale: {x: 1, y: 1, z: 1}
  m_Children:
  - {fileID: 403320}
  m_Father: {fileID: 498912}
  m_RootOrder: 0
  m_LocalEulerAnglesHint: {x: 0, y: 0, z: 0}
--- !u!4 &418148
Transform:
  m_ObjectHideFlags: 1
  m_PrefabParentObject: {fileID: 0}
  m_PrefabInternal: {fileID: 100100000}
  m_GameObject: {fileID: 101930}
  m_LocalRotation: {x: -0.0086026685, y: 0.0053812317, z: 0.50780135, w: 0.86141443}
  m_LocalPosition: {x: -0.6450668, y: 0.01991498, z: -0.105054796}
  m_LocalScale: {x: 1, y: 1, z: 1}
  m_Children:
  - {fileID: 478294}
  - {fileID: 410150}
  m_Father: {fileID: 468680}
  m_RootOrder: 0
  m_LocalEulerAnglesHint: {x: 0, y: 0, z: 0}
--- !u!4 &419068
Transform:
  m_ObjectHideFlags: 1
  m_PrefabParentObject: {fileID: 0}
  m_PrefabInternal: {fileID: 100100000}
  m_GameObject: {fileID: 135232}
  m_LocalRotation: {x: 0.0051464597, y: 0.043413773, z: 0.06493466, w: 0.99693143}
  m_LocalPosition: {x: 0.028710237, y: -0.020318728, z: -0.02761444}
  m_LocalScale: {x: 1, y: 1, z: 1}
  m_Children:
  - {fileID: 499126}
  m_Father: {fileID: 411064}
  m_RootOrder: 0
  m_LocalEulerAnglesHint: {x: 0, y: 0, z: 0}
--- !u!4 &419108
Transform:
  m_ObjectHideFlags: 1
  m_PrefabParentObject: {fileID: 0}
  m_PrefabInternal: {fileID: 100100000}
  m_GameObject: {fileID: 137450}
  m_LocalRotation: {x: 7.335129e-17, y: 2.49794e-17, z: -0.019191703, w: 0.9998158}
  m_LocalPosition: {x: 0.4227614, y: -0.03516849, z: -0.010629382}
  m_LocalScale: {x: 1, y: 1, z: 1}
  m_Children:
  - {fileID: 482040}
  m_Father: {fileID: 434504}
  m_RootOrder: 0
  m_LocalEulerAnglesHint: {x: 0, y: 0, z: 0}
--- !u!4 &419784
Transform:
  m_ObjectHideFlags: 1
  m_PrefabParentObject: {fileID: 0}
  m_PrefabInternal: {fileID: 100100000}
  m_GameObject: {fileID: 175348}
  m_LocalRotation: {x: 0.42751345, y: -0.57504904, z: 0.4080118, w: 0.56575364}
  m_LocalPosition: {x: 0.016880592, y: -0.02482932, z: 0.0066796383}
  m_LocalScale: {x: 1, y: 1, z: 1}
  m_Children: []
  m_Father: {fileID: 402408}
  m_RootOrder: 0
  m_LocalEulerAnglesHint: {x: 0, y: 0, z: 0}
--- !u!4 &424402
Transform:
  m_ObjectHideFlags: 1
  m_PrefabParentObject: {fileID: 0}
  m_PrefabInternal: {fileID: 100100000}
  m_GameObject: {fileID: 193252}
  m_LocalRotation: {x: 0.005685388, y: 0.057221282, z: -0.0181912, w: 0.9981796}
  m_LocalPosition: {x: -0.026993677, y: 1.4210854e-15, z: -1.4210854e-16}
  m_LocalScale: {x: 1, y: 1, z: 1}
  m_Children:
  - {fileID: 438430}
  m_Father: {fileID: 479400}
  m_RootOrder: 0
  m_LocalEulerAnglesHint: {x: 0, y: 0, z: 0}
--- !u!4 &425060
Transform:
  m_ObjectHideFlags: 1
  m_PrefabParentObject: {fileID: 0}
  m_PrefabInternal: {fileID: 100100000}
  m_GameObject: {fileID: 183924}
  m_LocalRotation: {x: -1.0194167e-16, y: 2.272626e-17, z: -0.018693116, w: 0.99982524}
  m_LocalPosition: {x: -0.0511395, y: 0.002212603, z: 0.0007682892}
  m_LocalScale: {x: 1, y: 1, z: 1}
  m_Children:
  - {fileID: 426576}
  m_Father: {fileID: 432634}
  m_RootOrder: 0
  m_LocalEulerAnglesHint: {x: 0, y: 0, z: 0}
--- !u!4 &425804
Transform:
  m_ObjectHideFlags: 1
  m_PrefabParentObject: {fileID: 0}
  m_PrefabInternal: {fileID: 100100000}
  m_GameObject: {fileID: 180140}
  m_LocalRotation: {x: -0.038640466, y: 0.019323364, z: 0.18258373, w: 0.9822407}
  m_LocalPosition: {x: -0.06597837, y: 0.00060322887, z: -0.00028214435}
  m_LocalScale: {x: 1, y: 1, z: 1}
  m_Children:
  - {fileID: 403986}
  m_Father: {fileID: 461096}
  m_RootOrder: 1
  m_LocalEulerAnglesHint: {x: 0, y: 0, z: 0}
--- !u!4 &426576
Transform:
  m_ObjectHideFlags: 1
  m_PrefabParentObject: {fileID: 0}
  m_PrefabInternal: {fileID: 100100000}
  m_GameObject: {fileID: 111238}
  m_LocalRotation: {x: 0.009666462, y: -0.009666462, z: 0.7070407, w: 0.7070407}
  m_LocalPosition: {x: -0.020131972, y: -0.00201529, z: -0.000007906217}
  m_LocalScale: {x: 1, y: 1, z: 1}
  m_Children: []
  m_Father: {fileID: 425060}
  m_RootOrder: 0
  m_LocalEulerAnglesHint: {x: 0, y: 0, z: 0}
--- !u!4 &427300
Transform:
  m_ObjectHideFlags: 1
  m_PrefabParentObject: {fileID: 0}
  m_PrefabInternal: {fileID: 100100000}
  m_GameObject: {fileID: 197332}
  m_LocalRotation: {x: -0.016905297, y: 0.08631164, z: 0.060605835, w: 0.9942794}
  m_LocalPosition: {x: 0.067985274, y: -0.0082932515, z: 0.009669312}
  m_LocalScale: {x: 1, y: 1, z: 1}
  m_Children:
  - {fileID: 414440}
  m_Father: {fileID: 474152}
  m_RootOrder: 0
  m_LocalEulerAnglesHint: {x: 0, y: 0, z: 0}
--- !u!4 &432634
Transform:
  m_ObjectHideFlags: 1
  m_PrefabParentObject: {fileID: 0}
  m_PrefabInternal: {fileID: 100100000}
  m_GameObject: {fileID: 165250}
  m_LocalRotation: {x: 0.0052418523, y: -0.031923495, z: 0.18545191, w: 0.9821207}
  m_LocalPosition: {x: -0.050032344, y: -0.009833381, z: -0.00066479284}
  m_LocalScale: {x: 1, y: 1, z: 1}
  m_Children:
  - {fileID: 425060}
  m_Father: {fileID: 496622}
  m_RootOrder: 0
  m_LocalEulerAnglesHint: {x: 0, y: 0, z: 0}
--- !u!4 &433934
Transform:
  m_ObjectHideFlags: 1
  m_PrefabParentObject: {fileID: 0}
  m_PrefabInternal: {fileID: 100100000}
  m_GameObject: {fileID: 140898}
  m_LocalRotation: {x: 0, y: 0, z: 0, w: 1}
  m_LocalPosition: {x: 0, y: 0, z: 0}
  m_LocalScale: {x: 1, y: 1, z: 1}
  m_Children: []
  m_Father: {fileID: 472252}
  m_RootOrder: 0
  m_LocalEulerAnglesHint: {x: 0, y: 0, z: 0}
--- !u!4 &434504
Transform:
  m_ObjectHideFlags: 1
  m_PrefabParentObject: {fileID: 0}
  m_PrefabInternal: {fileID: 100100000}
  m_GameObject: {fileID: 127886}
  m_LocalRotation: {x: 0.1639209, y: -0.15187097, z: 0.020695366, w: 0.97449315}
  m_LocalPosition: {x: 0.18859509, y: -0.01819198, z: 0.12049428}
  m_LocalScale: {x: 1, y: 1, z: 1}
  m_Children:
  - {fileID: 419108}
  m_Father: {fileID: 438454}
  m_RootOrder: 0
  m_LocalEulerAnglesHint: {x: 0, y: 0, z: 0}
--- !u!4 &436598
Transform:
  m_ObjectHideFlags: 1
  m_PrefabParentObject: {fileID: 0}
  m_PrefabInternal: {fileID: 100100000}
  m_GameObject: {fileID: 174524}
  m_LocalRotation: {x: -0.13667281, y: 0.0006082364, z: -0.00029721996, w: 0.990616}
  m_LocalPosition: {x: 1.2143064e-19, y: 7.105427e-17, z: 0.17231971}
  m_LocalScale: {x: 1, y: 1, z: 1}
  m_Children:
  - {fileID: 469610}
  m_Father: {fileID: 437646}
  m_RootOrder: 0
  m_LocalEulerAnglesHint: {x: 0, y: 0, z: 0}
--- !u!4 &437174
Transform:
  m_ObjectHideFlags: 1
  m_PrefabParentObject: {fileID: 0}
  m_PrefabInternal: {fileID: 100100000}
  m_GameObject: {fileID: 163632}
  m_LocalRotation: {x: 4.276579e-18, y: -1.148488e-16, z: -2.4286129e-17, w: 1}
  m_LocalPosition: {x: -0.6079596, y: -0.023605647, z: 0.0060228356}
  m_LocalScale: {x: 1, y: 1, z: 1}
  m_Children:
  - {fileID: 442088}
  m_Father: {fileID: 488100}
  m_RootOrder: 0
  m_LocalEulerAnglesHint: {x: 0, y: 0, z: 0}
--- !u!4 &437646
Transform:
  m_ObjectHideFlags: 1
  m_PrefabParentObject: {fileID: 0}
  m_PrefabInternal: {fileID: 100100000}
  m_GameObject: {fileID: 181116}
  m_LocalRotation: {x: 0.23109253, y: 0.000060610237, z: 0.0005800441, w: 0.9729316}
  m_LocalPosition: {x: -0, y: -0.06266171, z: 0.31330857}
  m_LocalScale: {x: 1, y: 1, z: 1}
  m_Children:
  - {fileID: 436598}
  m_Father: {fileID: 497610}
  m_RootOrder: 1
  m_LocalEulerAnglesHint: {x: 0, y: 0, z: 0}
--- !u!4 &438430
Transform:
  m_ObjectHideFlags: 1
  m_PrefabParentObject: {fileID: 0}
  m_PrefabInternal: {fileID: 100100000}
  m_GameObject: {fileID: 172976}
  m_LocalRotation: {x: -0.008705091, y: -0.007949714, z: 0.07114258, w: 0.99739647}
  m_LocalPosition: {x: -0.027539348, y: -8.5265126e-16, z: -1.4210854e-16}
  m_LocalScale: {x: 1, y: 1, z: 1}
  m_Children:
  - {fileID: 400174}
  m_Father: {fileID: 424402}
  m_RootOrder: 0
  m_LocalEulerAnglesHint: {x: 0, y: 0, z: 0}
--- !u!4 &438454
Transform:
  m_ObjectHideFlags: 1
  m_PrefabParentObject: {fileID: 0}
  m_PrefabInternal: {fileID: 100100000}
  m_GameObject: {fileID: 118468}
  m_LocalRotation: {x: -0.049468577, y: 0.14221074, z: 0.014246028, w: 0.98849684}
  m_LocalPosition: {x: 0.046996295, y: -0.07049468, z: 0.25378096}
  m_LocalScale: {x: 1, y: 1, z: 1}
  m_Children:
  - {fileID: 434504}
  m_Father: {fileID: 497610}
  m_RootOrder: 2
  m_LocalEulerAnglesHint: {x: 0, y: 0, z: 0}
--- !u!4 &439234
Transform:
  m_ObjectHideFlags: 1
  m_PrefabParentObject: {fileID: 0}
  m_PrefabInternal: {fileID: 100100000}
  m_GameObject: {fileID: 140976}
  m_LocalRotation: {x: 0.006418777, y: -0.012341482, z: 0.7035398, w: 0.7105197}
  m_LocalPosition: {x: -0.03854209, y: -8.5265126e-16, z: -7.105427e-17}
  m_LocalScale: {x: 1, y: 1, z: 1}
  m_Children: []
  m_Father: {fileID: 473924}
  m_RootOrder: 0
  m_LocalEulerAnglesHint: {x: 0, y: 0, z: 0}
--- !u!4 &442088
Transform:
  m_ObjectHideFlags: 1
  m_PrefabParentObject: {fileID: 0}
  m_PrefabInternal: {fileID: 100100000}
  m_GameObject: {fileID: 126090}
  m_LocalRotation: {x: -0.0086026685, y: 0.0053812317, z: 0.50780135, w: 0.86141443}
  m_LocalPosition: {x: -0.65355635, y: 0.01958636, z: -0.004966466}
  m_LocalScale: {x: 1, y: 1, z: 1}
  m_Children:
  - {fileID: 472324}
  - {fileID: 464822}
  m_Father: {fileID: 437174}
  m_RootOrder: 0
  m_LocalEulerAnglesHint: {x: 0, y: 0, z: 0}
--- !u!4 &446212
Transform:
  m_ObjectHideFlags: 1
  m_PrefabParentObject: {fileID: 0}
  m_PrefabInternal: {fileID: 100100000}
  m_GameObject: {fileID: 158684}
  m_LocalRotation: {x: 0.19936794, y: -0, z: -0, w: 0.9799247}
  m_LocalPosition: {x: -0, y: 0.09399257, z: 0.09399257}
  m_LocalScale: {x: 1, y: 1, z: 1}
  m_Children:
  - {fileID: 446808}
  m_Father: {fileID: 476918}
  m_RootOrder: 2
  m_LocalEulerAnglesHint: {x: 0, y: 0, z: 0}
--- !u!4 &446644
Transform:
  m_ObjectHideFlags: 1
  m_PrefabParentObject: {fileID: 0}
  m_PrefabInternal: {fileID: 100100000}
  m_GameObject: {fileID: 157808}
  m_LocalRotation: {x: -0.049468577, y: 0.14221074, z: 0.014246028, w: 0.98849684}
  m_LocalPosition: {x: -0.046996284, y: -0.07049443, z: 0.25377995}
  m_LocalScale: {x: 1, y: 1, z: 1}
  m_Children:
  - {fileID: 400056}
  m_Father: {fileID: 497610}
  m_RootOrder: 0
  m_LocalEulerAnglesHint: {x: 0, y: 0, z: 0}
--- !u!4 &446808
Transform:
  m_ObjectHideFlags: 1
  m_PrefabParentObject: {fileID: 0}
  m_PrefabInternal: {fileID: 100100000}
  m_GameObject: {fileID: 197082}
  m_LocalRotation: {x: -0.130525, y: 0, z: -0, w: 0.991445}
  m_LocalPosition: {x: -0, y: -1.4210854e-16, z: 0.12532341}
  m_LocalScale: {x: 1, y: 1, z: 1}
  m_Children:
  - {fileID: 412334}
  m_Father: {fileID: 446212}
  m_RootOrder: 0
  m_LocalEulerAnglesHint: {x: 0, y: 0, z: 0}
--- !u!4 &447790
Transform:
  m_ObjectHideFlags: 1
  m_PrefabParentObject: {fileID: 0}
  m_PrefabInternal: {fileID: 100100000}
  m_GameObject: {fileID: 133144}
  m_LocalRotation: {x: 0.006418777, y: -0.012341482, z: 0.7035398, w: 0.7105197}
  m_LocalPosition: {x: 0.014554565, y: -0.031844825, z: -0.01611474}
  m_LocalScale: {x: 1, y: 1, z: 1}
  m_Children: []
  m_Father: {fileID: 499126}
  m_RootOrder: 0
  m_LocalEulerAnglesHint: {x: 0, y: 0, z: 0}
--- !u!4 &449340
Transform:
  m_ObjectHideFlags: 1
  m_PrefabParentObject: {fileID: 0}
  m_PrefabInternal: {fileID: 100100000}
  m_GameObject: {fileID: 195672}
  m_LocalRotation: {x: 0.020126851, y: -0.109470606, z: -0.027245447, w: 0.99341273}
  m_LocalPosition: {x: -0.0498932, y: -5.684342e-16, z: 5.684342e-16}
  m_LocalScale: {x: 1, y: 1, z: 1}
  m_Children:
  - {fileID: 474506}
  m_Father: {fileID: 414774}
  m_RootOrder: 0
  m_LocalEulerAnglesHint: {x: 0, y: 0, z: 0}
--- !u!4 &449898
Transform:
  m_ObjectHideFlags: 1
  m_PrefabParentObject: {fileID: 0}
  m_PrefabInternal: {fileID: 100100000}
  m_GameObject: {fileID: 129080}
  m_LocalRotation: {x: -1.0863706e-16, y: 3.989864e-17, z: -2.220446e-16, w: 1}
  m_LocalPosition: {x: -0.20439558, y: -0.0013771622, z: 0.008952282}
  m_LocalScale: {x: 1, y: 1, z: 1}
  m_Children: []
  m_Father: {fileID: 472324}
  m_RootOrder: 0
  m_LocalEulerAnglesHint: {x: 0, y: 0, z: 0}
--- !u!4 &450610
Transform:
  m_ObjectHideFlags: 1
  m_PrefabParentObject: {fileID: 0}
  m_PrefabInternal: {fileID: 100100000}
  m_GameObject: {fileID: 149688}
  m_LocalRotation: {x: 0.13332762, y: 0.35403973, z: 0.21697962, w: 0.89988863}
  m_LocalPosition: {x: -0.015048662, y: -0.020419972, z: 0.03375376}
  m_LocalScale: {x: 1, y: 1, z: 1}
  m_Children:
  - {fileID: 452270}
  m_Father: {fileID: 474152}
  m_RootOrder: 4
  m_LocalEulerAnglesHint: {x: 0, y: 0, z: 0}
--- !u!4 &452270
Transform:
  m_ObjectHideFlags: 1
  m_PrefabParentObject: {fileID: 0}
  m_PrefabInternal: {fileID: 100100000}
  m_GameObject: {fileID: 190988}
  m_LocalRotation: {x: -0.04938787, y: -0.12178796, z: 0.033187587, w: 0.990771}
  m_LocalPosition: {x: 0.005345403, y: -0.024269452, z: 0.04101538}
  m_LocalScale: {x: 1, y: 1, z: 1}
  m_Children:
  - {fileID: 402408}
  m_Father: {fileID: 450610}
  m_RootOrder: 0
  m_LocalEulerAnglesHint: {x: 0, y: 0, z: 0}
--- !u!4 &459348
Transform:
  m_ObjectHideFlags: 1
  m_PrefabParentObject: {fileID: 0}
  m_PrefabInternal: {fileID: 100100000}
  m_GameObject: {fileID: 162324}
  m_LocalRotation: {x: -0.00022229088, y: -0.007107041, z: 0.03126148, w: 0.99948597}
  m_LocalPosition: {x: 0.042797275, y: -0.040447798, z: -0.015987694}
  m_LocalScale: {x: 1, y: 1, z: 1}
  m_Children:
  - {fileID: 413390}
  m_Father: {fileID: 479482}
  m_RootOrder: 0
  m_LocalEulerAnglesHint: {x: 0, y: 0, z: 0}
--- !u!4 &461096
Transform:
  m_ObjectHideFlags: 1
  m_PrefabParentObject: {fileID: 0}
  m_PrefabInternal: {fileID: 100100000}
  m_GameObject: {fileID: 180308}
  m_LocalRotation: {x: 0.013079416, y: -0.021979144, z: -0.0038408425, w: 0.9996655}
  m_LocalPosition: {x: -0.083796136, y: 0, z: -3.5527136e-17}
  m_LocalScale: {x: 1, y: 1, z: 1}
  m_Children:
  - {fileID: 496622}
  - {fileID: 425804}
  - {fileID: 479400}
  - {fileID: 484084}
  - {fileID: 479072}
  m_Father: {fileID: 482026}
  m_RootOrder: 0
  m_LocalEulerAnglesHint: {x: 0, y: 0, z: 0}
--- !u!4 &461182
Transform:
  m_ObjectHideFlags: 1
  m_PrefabParentObject: {fileID: 0}
  m_PrefabInternal: {fileID: 100100000}
  m_GameObject: {fileID: 145482}
  m_LocalRotation: {x: 0, y: 0, z: 0, w: 1}
  m_LocalPosition: {x: -0.08850949, y: 0.0042336797, z: -0.005791599}
  m_LocalScale: {x: 1, y: 1, z: 1}
  m_Children: []
  m_Father: {fileID: 410150}
  m_RootOrder: 0
  m_LocalEulerAnglesHint: {x: 0, y: 0, z: 0}
--- !u!4 &461226
Transform:
  m_ObjectHideFlags: 1
  m_PrefabParentObject: {fileID: 0}
  m_PrefabInternal: {fileID: 100100000}
  m_GameObject: {fileID: 172198}
  m_LocalRotation: {x: 5.537174e-17, y: -7.975358e-18, z: -0.018693116, w: 0.99982524}
  m_LocalPosition: {x: 0.029038243, y: -0.042020068, z: -0.0033909965}
  m_LocalScale: {x: 1, y: 1, z: 1}
  m_Children:
  - {fileID: 480742}
  m_Father: {fileID: 414440}
  m_RootOrder: 0
  m_LocalEulerAnglesHint: {x: 0, y: 0, z: 0}
--- !u!4 &464822
Transform:
  m_ObjectHideFlags: 1
  m_PrefabParentObject: {fileID: 0}
  m_PrefabInternal: {fileID: 100100000}
  m_GameObject: {fileID: 125622}
  m_LocalRotation: {x: 0, y: 0, z: 0.1649135, w: 0.98630804}
  m_LocalPosition: {x: -0.19756158, y: 0.018512638, z: 0.0061691008}
  m_LocalScale: {x: 1, y: 1, z: 1}
  m_Children:
  - {fileID: 407800}
  m_Father: {fileID: 442088}
  m_RootOrder: 1
  m_LocalEulerAnglesHint: {x: 0, y: 0, z: 0}
--- !u!4 &467216
Transform:
  m_ObjectHideFlags: 1
  m_PrefabParentObject: {fileID: 0}
  m_PrefabInternal: {fileID: 100100000}
  m_GameObject: {fileID: 122088}
  m_LocalRotation: {x: 0, y: 0, z: 0, w: 1}
  m_LocalPosition: {x: -0.20355247, y: -0.003825797, z: -0.020284936}
  m_LocalScale: {x: 1, y: 1, z: 1}
  m_Children: []
  m_Father: {fileID: 478294}
  m_RootOrder: 0
  m_LocalEulerAnglesHint: {x: 0, y: 0, z: 0}
--- !u!4 &468680
Transform:
  m_ObjectHideFlags: 1
  m_PrefabParentObject: {fileID: 0}
  m_PrefabInternal: {fileID: 100100000}
  m_GameObject: {fileID: 167980}
  m_LocalRotation: {x: 0, y: 0, z: 0, w: 1}
  m_LocalPosition: {x: -0.5982504, y: -0.023229668, z: -0.108489476}
  m_LocalScale: {x: 1, y: 1, z: 1}
  m_Children:
  - {fileID: 418148}
  m_Father: {fileID: 406330}
  m_RootOrder: 0
  m_LocalEulerAnglesHint: {x: 0, y: 0, z: 0}
--- !u!4 &469610
Transform:
  m_ObjectHideFlags: 1
  m_PrefabParentObject: {fileID: 0}
  m_PrefabInternal: {fileID: 100100000}
  m_GameObject: {fileID: 188662}
  m_LocalRotation: {x: -1.110223e-16, y: -5.5904175e-20, z: -1.0842022e-19, w: 1}
  m_LocalPosition: {x: -0.000054805212, y: -0.0011284106, z: 0.32964844}
  m_LocalScale: {x: 1, y: 1, z: 1}
  m_Children: []
  m_Father: {fileID: 436598}
  m_RootOrder: 0
  m_LocalEulerAnglesHint: {x: 0, y: 0, z: 0}
--- !u!4 &472252
Transform:
  m_ObjectHideFlags: 1
  m_PrefabParentObject: {fileID: 0}
  m_PrefabInternal: {fileID: 100100000}
  m_GameObject: {fileID: 109924}
  m_LocalRotation: {x: 0, y: 1, z: 0, w: -0.00000016292068}
  m_LocalPosition: {x: 0, y: 0, z: 0}
  m_LocalScale: {x: 1, y: 1, z: 1}
  m_Children:
  - {fileID: 433934}
  - {fileID: 476918}
  m_Father: {fileID: 0}
  m_RootOrder: 0
  m_LocalEulerAnglesHint: {x: 0, y: 0, z: 0}
--- !u!4 &472324
Transform:
  m_ObjectHideFlags: 1
  m_PrefabParentObject: {fileID: 0}
  m_PrefabInternal: {fileID: 100100000}
  m_GameObject: {fileID: 157624}
  m_LocalRotation: {x: 4.3700054e-17, y: 2.407055e-17, z: 0.21977648, w: 0.9755503}
  m_LocalPosition: {x: -0.020489326, y: 0.11682611, z: -0.005670877}
  m_LocalScale: {x: 1, y: 1, z: 1}
  m_Children:
  - {fileID: 449898}
  m_Father: {fileID: 442088}
  m_RootOrder: 0
  m_LocalEulerAnglesHint: {x: 0, y: 0, z: 0}
--- !u!4 &473924
Transform:
  m_ObjectHideFlags: 1
  m_PrefabParentObject: {fileID: 0}
  m_PrefabInternal: {fileID: 100100000}
  m_GameObject: {fileID: 198076}
  m_LocalRotation: {x: 0.00033908672, y: 0.0041082865, z: 0.073334515, w: 0.9972989}
  m_LocalPosition: {x: -0.044339847, y: 1.1368684e-15, z: 1.4210854e-16}
  m_LocalScale: {x: 1, y: 1, z: 1}
  m_Children:
  - {fileID: 439234}
  m_Father: {fileID: 414724}
  m_RootOrder: 0
  m_LocalEulerAnglesHint: {x: 0, y: 0, z: 0}
--- !u!4 &474152
Transform:
  m_ObjectHideFlags: 1
  m_PrefabParentObject: {fileID: 0}
  m_PrefabInternal: {fileID: 100100000}
  m_GameObject: {fileID: 146124}
  m_LocalRotation: {x: 0.013079416, y: -0.021979144, z: -0.0038408425, w: 0.9996655}
  m_LocalPosition: {x: 0.081561804, y: -0.0026384252, z: -0.01900607}
  m_LocalScale: {x: 1, y: 1, z: 1}
  m_Children:
  - {fileID: 427300}
  - {fileID: 479482}
  - {fileID: 400600}
  - {fileID: 411064}
  - {fileID: 450610}
  m_Father: {fileID: 482040}
  m_RootOrder: 0
  m_LocalEulerAnglesHint: {x: 0, y: 0, z: 0}
--- !u!4 &474506
Transform:
  m_ObjectHideFlags: 1
  m_PrefabParentObject: {fileID: 0}
  m_PrefabInternal: {fileID: 100100000}
  m_GameObject: {fileID: 102772}
  m_LocalRotation: {x: 0.42751345, y: -0.57504904, z: 0.4080118, w: 0.56575364}
  m_LocalPosition: {x: -0.03047682, y: -0.0034852875, z: -0.0023790142}
  m_LocalScale: {x: 1, y: 1, z: 1}
  m_Children: []
  m_Father: {fileID: 449340}
  m_RootOrder: 0
  m_LocalEulerAnglesHint: {x: 0, y: 0, z: 0}
--- !u!4 &476918
Transform:
  m_ObjectHideFlags: 1
  m_PrefabParentObject: {fileID: 0}
  m_PrefabInternal: {fileID: 100100000}
  m_GameObject: {fileID: 192894}
  m_LocalRotation: {x: -0.7071068, y: 0, z: -0, w: 0.7071068}
  m_LocalPosition: {x: 0, y: 1.4319261, z: -0.012283817}
  m_LocalScale: {x: 1, y: 1, z: 1}
  m_Children:
  - {fileID: 488100}
  - {fileID: 406330}
  - {fileID: 446212}
  m_Father: {fileID: 472252}
  m_RootOrder: 1
  m_LocalEulerAnglesHint: {x: 0, y: 0, z: 0}
--- !u!4 &478294
Transform:
  m_ObjectHideFlags: 1
  m_PrefabParentObject: {fileID: 0}
  m_PrefabInternal: {fileID: 100100000}
  m_GameObject: {fileID: 189354}
  m_LocalRotation: {x: 0, y: 0, z: 0.21977648, w: 0.9755503}
  m_LocalPosition: {x: -0.020121247, y: 0.116450325, z: -0.011609646}
  m_LocalScale: {x: 1, y: 1, z: 1}
  m_Children:
  - {fileID: 467216}
  m_Father: {fileID: 418148}
  m_RootOrder: 0
  m_LocalEulerAnglesHint: {x: 0, y: 0, z: 0}
--- !u!4 &479072
Transform:
  m_ObjectHideFlags: 1
  m_PrefabParentObject: {fileID: 0}
  m_PrefabInternal: {fileID: 100100000}
  m_GameObject: {fileID: 119980}
  m_LocalRotation: {x: 0.13332762, y: 0.35403973, z: 0.21697962, w: 0.89988863}
  m_LocalPosition: {x: 0.024320448, y: -0.0208938, z: 0.027480014}
  m_LocalScale: {x: 1, y: 1, z: 1}
  m_Children:
  - {fileID: 414774}
  m_Father: {fileID: 461096}
  m_RootOrder: 4
  m_LocalEulerAnglesHint: {x: 0, y: 0, z: 0}
--- !u!4 &479400
Transform:
  m_ObjectHideFlags: 1
  m_PrefabParentObject: {fileID: 0}
  m_PrefabInternal: {fileID: 100100000}
  m_GameObject: {fileID: 178718}
  m_LocalRotation: {x: -0.05926551, y: -0.17888893, z: 0.18149133, w: 0.9651669}
  m_LocalPosition: {x: -0.043435004, y: -0.012628302, z: -0.049575105}
  m_LocalScale: {x: 1, y: 1, z: 1}
  m_Children:
  - {fileID: 424402}
  m_Father: {fileID: 461096}
  m_RootOrder: 2
  m_LocalEulerAnglesHint: {x: 0, y: 0, z: 0}
--- !u!4 &479482
Transform:
  m_ObjectHideFlags: 1
  m_PrefabParentObject: {fileID: 0}
  m_PrefabInternal: {fileID: 100100000}
  m_GameObject: {fileID: 134066}
  m_LocalRotation: {x: -0.038640466, y: 0.019323364, z: 0.18258373, w: 0.9822407}
  m_LocalPosition: {x: 0.0626242, y: -0.0009424444, z: -0.020775864}
  m_LocalScale: {x: 1, y: 1, z: 1}
  m_Children:
  - {fileID: 459348}
  m_Father: {fileID: 474152}
  m_RootOrder: 1
  m_LocalEulerAnglesHint: {x: 0, y: 0, z: 0}
--- !u!4 &480742
Transform:
  m_ObjectHideFlags: 1
  m_PrefabParentObject: {fileID: 0}
  m_PrefabInternal: {fileID: 100100000}
  m_GameObject: {fileID: 183942}
  m_LocalRotation: {x: 0.009666462, y: -0.009666462, z: 0.7070407, w: 0.7070407}
  m_LocalPosition: {x: 0.010301458, y: -0.017350554, z: -0.0015557861}
  m_LocalScale: {x: 1, y: 1, z: 1}
  m_Children: []
  m_Father: {fileID: 461226}
  m_RootOrder: 0
  m_LocalEulerAnglesHint: {x: 0, y: 0, z: 0}
--- !u!4 &482026
Transform:
  m_ObjectHideFlags: 1
  m_PrefabParentObject: {fileID: 0}
  m_PrefabInternal: {fileID: 100100000}
  m_GameObject: {fileID: 141602}
  m_LocalRotation: {x: 0.69644934, y: -0.042413224, z: -0.03846205, w: 0.7153182}
  m_LocalPosition: {x: -0.4460463, y: -0.0096743805, z: 0.00094002776}
  m_LocalScale: {x: 1, y: 1, z: 1}
  m_Children:
  - {fileID: 461096}
  m_Father: {fileID: 492640}
  m_RootOrder: 0
  m_LocalEulerAnglesHint: {x: 0, y: 0, z: 0}
--- !u!4 &482040
Transform:
  m_ObjectHideFlags: 1
  m_PrefabParentObject: {fileID: 0}
  m_PrefabInternal: {fileID: 100100000}
  m_GameObject: {fileID: 166548}
  m_LocalRotation: {x: 0.69644934, y: -0.042413224, z: -0.03846205, w: 0.7153182}
  m_LocalPosition: {x: 0.4459386, y: -0.010017812, z: -0.009617975}
  m_LocalScale: {x: 1, y: 1, z: 1}
  m_Children:
  - {fileID: 474152}
  m_Father: {fileID: 419108}
  m_RootOrder: 0
  m_LocalEulerAnglesHint: {x: 0, y: 0, z: 0}
--- !u!4 &484084
Transform:
  m_ObjectHideFlags: 1
  m_PrefabParentObject: {fileID: 0}
  m_PrefabInternal: {fileID: 100100000}
  m_GameObject: {fileID: 122814}
  m_LocalRotation: {x: -0.031590417, y: -0.09116286, z: 0.1328103, w: 0.9864344}
  m_LocalPosition: {x: -0.06213469, y: -0.0039053285, z: -0.030566253}
  m_LocalScale: {x: 1, y: 1, z: 1}
  m_Children:
  - {fileID: 414724}
  m_Father: {fileID: 461096}
  m_RootOrder: 3
  m_LocalEulerAnglesHint: {x: 0, y: 0, z: 0}
--- !u!4 &488100
Transform:
  m_ObjectHideFlags: 1
  m_PrefabParentObject: {fileID: 0}
  m_PrefabInternal: {fileID: 100100000}
  m_GameObject: {fileID: 187806}
  m_LocalRotation: {x: 0.013089635, y: -0.6764157, z: -0.014247824, w: 0.7362659}
  m_LocalPosition: {x: -0.1394223, y: 0, z: -0.04073011}
  m_LocalScale: {x: 1, y: 1, z: 1}
  m_Children:
  - {fileID: 437174}
  m_Father: {fileID: 476918}
  m_RootOrder: 0
  m_LocalEulerAnglesHint: {x: 0, y: 0, z: 0}
--- !u!4 &492640
Transform:
  m_ObjectHideFlags: 1
  m_PrefabParentObject: {fileID: 0}
  m_PrefabInternal: {fileID: 100100000}
  m_GameObject: {fileID: 163350}
  m_LocalRotation: {x: 7.519859e-17, y: 3.0827668e-17, z: -0.019191703, w: 0.9998158}
  m_LocalPosition: {x: -0.42434734, y: -0.002308933, z: -0.000592289}
  m_LocalScale: {x: 1, y: 1, z: 1}
  m_Children:
  - {fileID: 482026}
  m_Father: {fileID: 400056}
  m_RootOrder: 0
  m_LocalEulerAnglesHint: {x: 0, y: 0, z: 0}
--- !u!4 &495854
Transform:
  m_ObjectHideFlags: 1
  m_PrefabParentObject: {fileID: 0}
  m_PrefabInternal: {fileID: 100100000}
  m_GameObject: {fileID: 193404}
  m_LocalRotation: {x: 0.0010308482, y: 0.019060124, z: -0.005441402, w: 0.999803}
  m_LocalPosition: {x: -0.0457568, y: -0.00007974364, z: -0.0011732302}
  m_LocalScale: {x: 1, y: 1, z: 1}
  m_Children:
  - {fileID: 401252}
  m_Father: {fileID: 403986}
  m_RootOrder: 0
  m_LocalEulerAnglesHint: {x: 0, y: 0, z: 0}
--- !u!4 &496622
Transform:
  m_ObjectHideFlags: 1
  m_PrefabParentObject: {fileID: 0}
  m_PrefabInternal: {fileID: 100100000}
  m_GameObject: {fileID: 137292}
  m_LocalRotation: {x: -0.016905297, y: 0.08631164, z: 0.060605835, w: 0.9942794}
  m_LocalPosition: {x: -0.061788306, y: -0.006738056, z: 0.0303497}
  m_LocalScale: {x: 1, y: 1, z: 1}
  m_Children:
  - {fileID: 432634}
  m_Father: {fileID: 461096}
  m_RootOrder: 0
  m_LocalEulerAnglesHint: {x: 0, y: 0, z: 0}
--- !u!4 &496948
Transform:
  m_ObjectHideFlags: 1
  m_PrefabParentObject: {fileID: 0}
  m_PrefabInternal: {fileID: 100100000}
  m_GameObject: {fileID: 168762}
  m_LocalRotation: {x: 0.009457547, y: -0.009457547, z: 0.7070435, w: 0.7070435}
  m_LocalPosition: {x: 0.01873769, y: -0.027539436, z: -0.007827892}
  m_LocalScale: {x: 1, y: 1, z: 1}
  m_Children: []
  m_Father: {fileID: 413390}
  m_RootOrder: 0
  m_LocalEulerAnglesHint: {x: 0, y: 0, z: 0}
--- !u!4 &497610
Transform:
  m_ObjectHideFlags: 1
  m_PrefabParentObject: {fileID: 0}
  m_PrefabInternal: {fileID: 100100000}
  m_GameObject: {fileID: 131416}
  m_LocalRotation: {x: 0, y: 0, z: 0, w: 1}
  m_LocalPosition: {x: -0, y: 0, z: 0.12532341}
  m_LocalScale: {x: 1, y: 1, z: 1}
  m_Children:
  - {fileID: 446644}
  - {fileID: 437646}
  - {fileID: 438454}
  m_Father: {fileID: 412334}
  m_RootOrder: 0
  m_LocalEulerAnglesHint: {x: 0, y: 0, z: 0}
--- !u!4 &498912
Transform:
  m_ObjectHideFlags: 1
  m_PrefabParentObject: {fileID: 0}
  m_PrefabInternal: {fileID: 100100000}
  m_GameObject: {fileID: 179082}
  m_LocalRotation: {x: 0.005685388, y: 0.057221282, z: -0.0181912, w: 0.9981796}
  m_LocalPosition: {x: 0.007893203, y: -0.013357388, z: -0.022090403}
  m_LocalScale: {x: 1, y: 1, z: 1}
  m_Children:
  - {fileID: 415226}
  m_Father: {fileID: 400600}
  m_RootOrder: 0
  m_LocalEulerAnglesHint: {x: 0, y: 0, z: 0}
--- !u!4 &499126
Transform:
  m_ObjectHideFlags: 1
  m_PrefabParentObject: {fileID: 0}
  m_PrefabInternal: {fileID: 100100000}
  m_GameObject: {fileID: 163268}
  m_LocalRotation: {x: 0.00033908672, y: 0.0041082865, z: 0.073334515, w: 0.9972989}
  m_LocalPosition: {x: 0.02617234, y: -0.029342443, z: -0.020502452}
  m_LocalScale: {x: 1, y: 1, z: 1}
  m_Children:
  - {fileID: 447790}
  m_Father: {fileID: 419068}
  m_RootOrder: 0
  m_LocalEulerAnglesHint: {x: 0, y: 0, z: 0}
--- !u!95 &9594056
Animator:
  serializedVersion: 3
  m_ObjectHideFlags: 1
  m_PrefabParentObject: {fileID: 0}
  m_PrefabInternal: {fileID: 100100000}
  m_GameObject: {fileID: 109924}
  m_Enabled: 1
  m_Avatar: {fileID: 9000000, guid: 56984811f7913204caf2c89bc702474e, type: 3}
  m_Controller: {fileID: 9100000, guid: 00ff95bd89dc79c41ac8b9ccf0809198, type: 2}
  m_CullingMode: 1
  m_UpdateMode: 0
  m_ApplyRootMotion: 1
  m_LinearVelocityBlending: 0
  m_WarningMessage: 
  m_HasTransformHierarchy: 1
  m_AllowConstantClipSamplingOptimization: 1
--- !u!137 &13761116
SkinnedMeshRenderer:
  m_ObjectHideFlags: 1
  m_PrefabParentObject: {fileID: 0}
  m_PrefabInternal: {fileID: 100100000}
  m_GameObject: {fileID: 140898}
  m_Enabled: 1
  m_CastShadows: 1
  m_ReceiveShadows: 1
  m_DynamicOccludee: 1
  m_MotionVectors: 1
  m_LightProbeUsage: 1
  m_ReflectionProbeUsage: 1
  m_Materials:
  - {fileID: 2100000, guid: b0919c0a56e63ee4ca4cce83ed0581ae, type: 2}
  m_StaticBatchInfo:
    firstSubMesh: 0
    subMeshCount: 0
  m_StaticBatchRoot: {fileID: 0}
  m_ProbeAnchor: {fileID: 0}
  m_LightProbeVolumeOverride: {fileID: 0}
  m_ScaleInLightmap: 1
  m_PreserveUVs: 0
  m_IgnoreNormalsForChartDetection: 0
  m_ImportantGI: 0
  m_StitchLightmapSeams: 0
  m_SelectedEditorRenderState: 3
  m_MinimumChartSize: 4
  m_AutoUVMaxDistance: 0.5
  m_AutoUVMaxAngle: 89
  m_LightmapParameters: {fileID: 0}
  m_SortingLayerID: 0
  m_SortingLayer: 0
  m_SortingOrder: 0
  serializedVersion: 2
  m_Quality: 0
  m_UpdateWhenOffscreen: 0
  m_SkinnedMotionVectors: 1
  m_Mesh: {fileID: 4300000, guid: 56984811f7913204caf2c89bc702474e, type: 3}
  m_Bones:
  - {fileID: 476918}
  - {fileID: 488100}
  - {fileID: 437174}
  - {fileID: 442088}
  - {fileID: 464822}
  - {fileID: 407800}
  - {fileID: 472324}
  - {fileID: 449898}
  - {fileID: 446212}
  - {fileID: 446808}
  - {fileID: 412334}
  - {fileID: 497610}
  - {fileID: 446644}
  - {fileID: 400056}
  - {fileID: 492640}
  - {fileID: 482026}
  - {fileID: 461096}
  - {fileID: 479400}
  - {fileID: 424402}
  - {fileID: 438430}
  - {fileID: 400174}
  - {fileID: 484084}
  - {fileID: 414724}
  - {fileID: 473924}
  - {fileID: 439234}
  - {fileID: 496622}
  - {fileID: 432634}
  - {fileID: 425060}
  - {fileID: 426576}
  - {fileID: 479072}
  - {fileID: 414774}
  - {fileID: 449340}
  - {fileID: 474506}
  - {fileID: 425804}
  - {fileID: 403986}
  - {fileID: 495854}
  - {fileID: 401252}
  - {fileID: 437646}
  - {fileID: 436598}
  - {fileID: 469610}
  - {fileID: 438454}
  - {fileID: 434504}
  - {fileID: 419108}
  - {fileID: 482040}
  - {fileID: 474152}
  - {fileID: 400600}
  - {fileID: 498912}
  - {fileID: 415226}
  - {fileID: 403320}
  - {fileID: 411064}
  - {fileID: 419068}
  - {fileID: 499126}
  - {fileID: 447790}
  - {fileID: 427300}
  - {fileID: 414440}
  - {fileID: 461226}
  - {fileID: 480742}
  - {fileID: 450610}
  - {fileID: 452270}
  - {fileID: 402408}
  - {fileID: 419784}
  - {fileID: 479482}
  - {fileID: 459348}
  - {fileID: 413390}
  - {fileID: 496948}
  - {fileID: 406330}
  - {fileID: 468680}
  - {fileID: 418148}
  - {fileID: 410150}
  - {fileID: 461182}
  - {fileID: 478294}
  - {fileID: 467216}
  m_BlendShapeWeights: []
  m_RootBone: {fileID: 476918}
  m_AABB:
    m_Center: {x: -0.0018800497, y: -0.031574965, z: -0.1357168}
    m_Extent: {x: 1.422017, y: 0.315723, z: 1.4238272}
  m_DirtyAABB: 0
--- !u!1001 &100100000
Prefab:
  m_ObjectHideFlags: 1
  serializedVersion: 2
  m_Modification:
    m_TransformParent: {fileID: 0}
    m_Modifications: []
    m_RemovedComponents: []
  m_ParentPrefab: {fileID: 0}
  m_RootGameObject: {fileID: 109924}
  m_IsPrefabParent: 1
